2776 4656
641 323 856 430 ..ης

252 527 358 589 libruiri
376 525 515 602 scriptum
534 543 553 586 a
569 527 750 588 Dicaearcho
769 545 835 607 epse
853 533 962 602 negant
975 526 1046 614 1”).
1059 559 1098 578 -··
1115 514 1160 590 Ao
1177 537 1247 592 sont

253 621 333 678 haud
350 620 429 678 levia
444 615 592 678 menimis
597 659 609 696 ‚
633 621 740 693 quibus
764 622 868 680 nititur
885 623 993 686 Naelrii
1017 624 1055 682 de
1073 624 1247 684 Dicaearchi

252 709 391 786 specibus
405 710 557 782 J'udieinm.
596 704 807 770 Gravissimum
823 714 896 772 illud
913 717 1006 772 fatcor
1023 715 1057 772 in
1067 709 1248 786 Argumenta

252 803 333 861 Mad.
351 802 453 875 Eurip.
472 805 594 878 exstat„
605 802 656 860 ubi
674 804 805 862 Naekius
824 805 956 875 Elmslaji
979 806 1092 880 accepit
1109 806 1248 864 emaum·

251 894 376 950 tionemt
398 888 452 949 io«
468 885 572 971 δρᾶμα
600 886 681 950 δοκεῖ
707 892 932 971 ὑποβαλέσθαι,
960 891 1045 974 παρὰ
1072 895 1250 977 Νεόφρονος

253 979 527 1052 διασκευάσας,’ώς
544 981 727 1060 Δικαίαρχός
744 1003 777 1042 τε
795 987 862 1062 περὶ
880 985 936 1043 rori
947 982 1090 1056 Ἑλλάδος
1109 985 1176 1062 βίον
1194 989 1246 1044 καῖ

247 1067 454 1154 Ἀριστοτέλης
472 1067 503 1129 ἐν
516 1069 734 1148 ὕπομνήμασιν.
752 1076 831 1133 Num
841 1092 912 1132 vero
924 1077 1122 1134 Dicaearchus
1135 1093 1249 1151 quaeso

251 1166 355 1224 melius
373 1166 406 1222 in
423 1164 498 1221 libro
517 1163 693 1222 didascalico
712 1165 749 1222 de
767 1167 852 1226 funis
871 1167 1022 1226 litterariis
1045 1169 1140 1240 egerit
1160 1185 1246 1244 quarn

251 1257 284 1317 iu
311 1247 400 1330 opere
428 1257 487 1312 isto
502 1255 553 1328 ¹de
577 1255 658 1328 victu
682 1257 867 1332 moribusque
898 1255 1059 1316 Graeciae?
1080 1241 1083 1250 ¹
1102 1259 1151 1316 Ad
1169 1259 1249 1318 idem

251 1365 327 1422 opus
345 1347 435 1405 etiam
452 1345 580 1420 reliqua,
606 1361 681 1420 quae
700 1348 798 1420 operis
817 1347 985 1406 didascalici
1004 1349 1164 1422 fragmenta
1182 1366 1247 1406 esse

252 1438 378 1496 arbitror
389 1429 469 1516 ¹²⁸),
488 1435 544 1494 hac
563 1437 687 1494 fortasse
705 1437 818 1494 ratione
837 1439 1033 1510 pertinerent:
1044 1441 1151 1498 ——Ubi
1171 1440 1249 1498 enim

253 1527 289 1586 de
313 1526 538 1587 Atheniensium
562 1525 680 1584 civitate
706 1526 826 1584 dissent
842 1555 881 1574 —-
899 1528 996 1598 cogito
1024 1545 1091 1586 eum
1119 1529 1249 1601 singulas

252 1629 382 1694 quasque
417 1617 551 1674 civitates
584 1611 805 1693 percensuisse,'
828 1649 867 1662 -
890 1619 1055 1676 meminerit
1091 1621 1250 1678 illustrium

251 1710 454 1786 Tragicorum,
479 1707 645 1766 meminerit
663 1697 810 1772 Ranarum
828 1709 1050 1787 Aristophanis,
1076 1727 1151 1784 quae
1179 1727 1248 1786 pro-

250 1801 329 1860 xime
357 1801 425 1874 post
452 1802 582 1858 momuos
606 1799 778 1876 Sophoclem
803 1803 835 1856 et
861 1800 1032 1878 Euripidem
1055 1803 1166 1861 tautam
1191 1802 1250 1862 sibi

252 1891 437 1950 conciliasset
461 1890 578 1948 laudem
606 1892 639 1944 ut
667 1890 763 1954 denuo
792 1886 953 1946 doceretur.
983 1921 1022 1934 -
1049 1890 1165 1948 Deinde
1196 1890 1248 1948 ubi

252 1981 405 2040 Salaminis
423 1979 535 2036 insulae
552 1979 704 2036 historiam
716 1979 863 2050 enarravit
874 1978 910 2034 de
923 1980 1133 2051 antiquissimis
1143 1981 1249 2038 heroi·

252 2073 326 2144 bus,
346 2069 383 2124 de
402 2066 494 2137 Ajaee
511 2081 573 2124 non
595 2069 724 2140 potuerit
748 2069 820 2144 quin
843 2069 1025 2142 loqueretur:
1055 2073 1117 2126 tum
1136 2071 1247 2144 Sopho-

252 2161 332 2220 cisae
357 2157 471 2217 fabulae
497 2175 566 2218 casu
590 2160 773 2236 meminerit,
800 2176 921 2234 eamque
941 2177 995 2234 pro
1014 2160 1136 2218 arbitrio
1154 2162 1245 2218 nomi·

251 2249 366 2310 neverit
383 2247 515 2319 Αἵαντος
533 2248 670 2308 θάνατον
672 2291 685 2321 ,
712 2250 855 2320 genuinae
874 2251 1073 2322 inscriptionis
1091 2249 1171 2312 nulla
1194 2251 1245 2308 ha·

250 2342 314 2400 bita
330 2340 454 2398 ratione.
473 2370 512 2382 -
529 2339 665 2410 Denique
689 2340 741 2396 ubi
765 2338 970 2398 Thebanorum
992 2329 1089 2396 mores
1114 2342 1249 2414 depinxit

250 2435 428 2504 victumque,
447 2429 554 2506 iterum
572 2427 732 2502 Sophoclea
750 2423 848 2486 tabula
866 2428 909 2484 illi
927 2429 959 2484 in
977 2429 1105 2488 mentem
1121 2431 1248 2506 venerit,

252 2521 394 2594 simulque
414 2535 433 2575 a
452 2517 595 2575 deteriore
613 2521 701 2592 poeta
721 2518 886 2592 superatam
905 2535 969 2574 ease
984 2519 1059 2575 bene
1072 2516 1247 2576 meminerit.
1266 2512 1270 2520 ’

251 2615 360 2672 Verum
385 2613 432 2667 est
454 2607 666 2668 Dicaearchum
690 2609 726 2666 de
748 2625 828 2667 more
848 2610 1025 2666 Graecorum
1043 2610 1074 2666 et
1093 2612 1248 2666 consuetu·

252 2701 326 2764 diue
350 2702 511 2759 dramatum
540 2699 735 2757 docendorum
761 2699 842 2773 loqui
868 2699 1021 2776 debuisse;
1050 2703 1161 2756 certum
1190 2701 1247 2776 est,

252 2811 320 2851 eum
338 2791 492 2848 historicas
510 2806 559 2846 res
577 2794 720 2864 notasque
739 2791 921 2847 narrationes
940 2790 1070 2862 universi
1089 2793 1183 2846 status
1197 2789 1247 2845 de·

252 2883 405 2957 scriptioni
429 2881 618 2954 adspersisse.
663 2881 801 2938 haemon
825 2881 891 2954 quis
915 2882 973 2938 sibi
997 2889 1096 2954 pauca¹
1115 2881 1166 2936 illa
1182 2880 1248 2936 loca

251 2988 328 3049 quae
357 2971 561 3030 didascalicam
587 2973 722 3028 naturam
749 2972 936 3048 profitentur,
956 2972 1005 3051 'ad
1033 2985 1122 3026 uuum
1150 2969 1248 3028 omnia

253 3066 474 3142 seminasse,
504 3062 709 3138 persuaderet,
738 3064 772 3118 ut
795 3062 994 3120 Dicaearchus
1020 3056 1094 3117 nihil
1122 3061 1247 3134 amplius

253 3154 289 3213 de
319 3153 458 3210 hamatis
484 3153 604 3209 Graecis
635 3147 779 3209 dixisseti
830 3151 938 3210 Contra
963 3149 989 3206 si
1013 3165 1142 3226 paucae
1168 3151 1247 3208 simi·

251 3295 452 3312 m—-n

319 3391 605 3456 imposerunt,
628 3391 648 3441 i.
670 3405 697 3454 p.
720 3391 784 3440 ³3⁰2
807 3391 886 3458 „Nec
905 3390 1094 3440 Dicaearchus
1114 3385 1249 3454 singulari

253 3484 340 3540 opere
356 3475 391 3525 de
412 3475 567 3525 hlascaliis
588 3471 719 3524 manusc
734 3473 786 3523 sed
809 3470 1019 3524 didascalicam
1036 3471 1089 3523 alio
1103 3472 1176 3522 titre
1194 3483 1247 3522 ue-

253 3561 385 3622 scinquo
402 3555 542 3608 tractarit.
558 3581 592 3593 --
607 3555 731 3607 itachius
746 3554 775 3605 ln
786 3557 858 3606 Nor.
874 3557 944 3616 Mus,
961 3555 1047 3607 llhen.
1062 3554 1083 3611 1,
1099 3567 1126 3617 p.
1139 3551 1172 3604 io
1188 3564 1246 3617 sqq,
1295 3613 1300 3630 .

253 3653 279 3702 p.
295 3639 336 3697 it,
369 3639 466 3690 itaulte
481 3637 501 3688 l.
517 3639 536 3696 l,
553 3651 579 3701 p,
597 3635 705 3688 Cluvii·

320 3721 382 3786 ite)
403 3724 517 3786 Argum.
539 3721 622 3784 sepi.
643 3715 721 3785 Ajao.
743 3722 773 3771 et
788 3721 856 3772 Ded.
871 3723 955 3783 hyra
979 3720 1093 3784 Argum.
1108 3715 1247 3779 theopo.

254 3804 325 3854 ilar.
342 3803 378 3852 il.
395 3804 438 3854 ed.
455 3802 627 3856 uma-De
643 3802 706 3855 aliis
721 3803 792 3857 loci·
809 3803 862 3862 vid.
878 3800 1021 3870 noctium,
1037 3803 1127 3854 virum
1143 3799 1172 3851 ln
1187 3799 1247 3862 pri-

255 3885 306 3938 nis
324 3885 469 3936 cruditum.
