2776 4656
425 386 427 394 '
494 414 534 424 -
575 379 618 444 ⁷5
657 413 701 424 -

180 543 430 618 Ακῆεόίίίθόαίο
455 523 692 620 Simiolltrttoe
708 561 902 620 ascholiastis
914 561 1033 636 quidem
1051 579 1096 618 se·

104 659 174 716 mel
192 661 305 714 tentum
330 662 569 716 cormuemoratur
592 658 630 715 ed
657 655 788 730 Euripid.
817 657 946 714 Rhesum
974 671 1001 713 v.
1026 655 1096 712 5412
1133 695 1135 706 ,

105 747 231 819 Κίλικας
248 745 371 830 Παίων]
390 779 430 795 ·-
448 746 488 807 Ol
504 748 562 824 μὲν
577 745 647 819 τούς
664 747 789 817 Κίλικας
807 749 857 805 καί
876 747 946 817 τοὺς
963 745 1099 815 Παίονας

104 836 214 910 αὐτοός
236 835 375 916 (Valerus
394 836 463 910 τοὺς
488 837 567 918 αὐτ.)
592 837 729 912 ἥκουσαν.
747 837 947 918 Ἀρίσταρχος
972 831 1006 895 δὲ
1033 834 1098 894 Κό-

106 931 210 1008 ροιβον
227 929 371 988 Παιόνων
395 929 524 1006 ἡγεμόνα
527 973 539 1001 ,
565 933 616 988 καί
639 926 691 1002 την
710 930 846 1008 ,φυλακην
869 947 941 987 ποτε
961 927 1019 1006 μὲν
1034 921 1098 984 όανό

79 1015 81 1022 ’
105 1019 159 1079 τοῦ
179 1019 336 1096 ἡγεμόνος,
356 1021 430 1079 troci
450 1017 482 1080 όέ
501 1017 560 1079 ἀπὸ
579 1021 639 1080 τῶν
658 1019 796 1093 όπηκόων
811 1015 882 1100 ¹⁷¹).
895 1052 934 1064 —
951 1017 1099 1076 Sch'olium

105 1111 164 1167 nisi
191 1112 305 1174 mendis
334 1111 464 1186 laborat,
496 1113 667 1168 historicum
698 1113 759 1186 σείς
797 1111 883 1181 atque
912 1107 1099 1178 Aristarchus

105 1201 193 1258 aliam
216 1219 252 1256 ac
279 1201 385 1272 reliqui
410 1201 590 1272 grammatici
617 1199 887 1274 interpretationem
915 1199 1007 1254 affert.
1054 1197 1100 1252 lta

35 1361 40 1368 ·
107 1291 212 1362 saltem
236 1289 409 1346 scholiastae
433 1290 565 1366 videtur,
594 1291 671 1346 unde
690 1295 788 1346 tamen
805 1306 865 1346 non
884 1289 1017 1365 colliges,
1049 1285 1100 1359 qui

106 1379 135 1434 h.
155 1379 174 1434 l.
195 1379 316 1434 audiunt
336 1375 365 1436 οἳ
384 1373 432 1456 rii,
452 1396 502 1436 eos
521 1381 611 1446 fuisse
630 1382 799 1438 Aristarcho
818 1379 1004 1454 antiquiores.
1043 1379 1100 1438 Ve-

106 1471 285 1531 rumtamen.
316 1485 489 1542 quamquam
512 1471 686 1528 scholiastae
714 1471 877 1530 Aristarchi
898 1483 1008 1526 nomen
1035 1481 1101 1524 cum

106 1559 172 1614 aliis
190 1559 348 1616 innumeris
369 1559 565 1638 dissimulant,
591 1562 708 1618 aliunde
734 1562 840 1618 sumus
859 1556 911 1618 τόν
924 1576 1101 1639 γραμματι·

106 1651 239 1706 κεότατον
256 1651 346 1706 etiam
363 1650 396 1706 in
413 1653 474 1706 tres
486 1653 624 1722 Tragicos
643 1656 868 1709 commentatum
887 1667 961 1708 esse.
998 1648 1101 1721 ltaque

105 1755 123 1796 a
141 1739 299 1795 scholiasta
316 1740 465 1797 Theocriti
483 1741 529 1817 X,
560 1741 596 1798 18
625 1742 730 1799 citatur
749 1741 948 1820 Ἀρίσταρχος
971 1734 1002 1796 ἓν
1025 1737 1102 1796 ὐπο-

103 1833 238 1904 μνηματι
256 1827 435 1907 Λυκούργου
453 1829 620 1908 Αίσγόλοο.
658 1833 688 1890 Si
707 1833 746 1890 ad
769 1834 846 1890 hunc
866 1830 1103 1890 commentarium

105 1919 284 1989 Hesychium
309 1937 332 1978 s.
359 1915 544 2002 ἐναραηόρας
567 1924 714 1998 respicere
743 1925 831 2002 dicis,
862 1941 950 1998 quum
977 1919 1104 1996 primum
1214 1953 1215 1962 ι

107 2009 257 2080 Odysseae
280 2009 361 2067 loeus
387 2027 453 2068 cum
477 2013 640 2085 Aeschyleo
664 2019 863 2094 comparetur,
895 2017 1026 2094 proiecta
1043 2027 1103 2071 non

105 2115 228 2170 magnae
246 2102 342 2174 possis
366 2086 507 2158 audaciae
533 2106 659 2174 coargui.
678 2133 717 2150 „-
735 2107 831 2164 Lubct
856 2107 944 2163 etiam
963 2106 1103 2163 scholium

106 2191 196 2247 Arist.
216 2192 289 2248 Βόα.
311 2191 384 2248 1302
404 2192 525 2274 saepius
541 2185 661 2250 citatuin
678 2194 785 2251 iterum
809 2196 915 2256 citare·
936 2194 1103 2256 ’Aetolici-.-

106 2299 169 2351 νιος
188 2283 237 2338 καί
254 2280 333 2361 ’ίΛρ
332 2297 459 2360 σταργος
478 2277 692 2362 ἐπισκέψασθε,
706 2284 802 2343 πόθεν
821 2277 894 2345 ἔστί.
935 2279 1104 2360 Τιμαχίδας

106 2365 191 2430 osee
172 2371 351 2450 κΤηλέφοο
370 2371 541 2450 Λλσγόλοσ,
565 2370 790 2449 Ἀσκληπιάδης
815 2370 848 2433 (li
872 2367 905 2446 ἒξ
924 2371 1104 2452 Ἰφιγενείας.
1125 2375 1131 2378 ’

80 2494 145 2534 ¹·-
158 2464 308 2521 Disertius
334 2465 534 2534 argumentum
551 2467 701 2539 requirere
724 2483 784 2524 non
809 2469 902 2542 potes.
942 2465 1104 2524 Scholiasta

106 2555 144 2616 ad
164 2571 291 2612 summos
309 2556 448 2627 Aeschyli
462 2555 576 2626 judices
596 2559 744 2629 provocat.
763 2588 802 2600 —

181 2645 284 2718 Aeque
313 2647 393 2702 certa
422 2645 458 2700 de
487 2648 701 2704 commentariis
732 2647 764 2704 in
788 2647 959 2721 Sophoclem
988 2649 1104 2722 scn'ptis

107 2753 155 2794 res
175 2739 236 2812 est,
268 2737 294 2792 si
324 2727 585 2809 Harpocrationem
610 2737 785 2798 audimuss.
811 2737 996 2816 Δερμιστήςε
1016 2737 1106 2817 Ἀρί

108 2842 235 2903 σταρχος
253 2845 288 2883 το
279 2822 486 2904 Σοφόκλεια
504 2822 743 2904 ἐξηγούμενος
711 2848 763 2887 τον
788 2825 858 2907 όηνιν
877 2823 1035 2887 cerdone*
1026 2833 1071 2864 ¹¹¹
1073 2827 1104 2910 J:

108 2921 181 2975 ets.
201 2911 351 2974 ἒλαιοοται
368 2913 461 2995 θρίξε
479 2915 555 2997 Σοφ.
571 2909 709 2998 Τρωίλῳ
718 2917 922 3001 Ἀρίσταρχος
934 2915 1105 2998 ραααίνεται

108 3007 223 3086 βέλτιον
247 3001 295 3065 rie·
321 3007 534 3086 λαμπρόνεται.
584 3011 747 3082 Hesychius
776 3014 923 3068 autems.
949 3009 1107 3068 Λοκοκτό-

107 3117 158 3156 νον
184 3095 329 3161 &coiea
303 3095 379 3175 Σ.οην
400 3095 546 3212 Ἠλέκτρα
565 3093 608 3182 (v.
629 3097 674 3181 6.)
695 3095 894 3184 Αρίσταρχος
924 3095 975 3159 διὰ
994 3105 1029 3162 τό
1055 3097 1107 3160 τόν

109 3185 186 3247 θεὸν
202 3187 306 3292 νόμιον
324 3185 398 3247 εἶναι
416 3192 466 3248 και
484 3210 536 3264 την
554 3191 615 3249 τῶν
633 3191 828 3268 βοσκημάτων
847 3188 980 3296 φυλακην
1004 3191 1106 3248 πανσό-

108 3297 197 3358 μενον
215 3273 267 3336 τόν
273 3269 489 3338 Αντόλλαινα’
474 3283 613 3360 αναιρεῖν
619 3281 687 3354 νοός
706 3281 817 3353 λόκονς.
837 3281 900 3342 ἔστι
918 3279 977 3361 γὰρ
991 3281 1108 3353 όλόκος

111 3479 187 3532 siud.
200 3494 225 3530 s.
239 3494 265 3538 v
282 3466 382 3539 ἁπλᾶς
405 3480 568 3534 ethelheri
584 3483 687 3534 Aoecd
703 3471 1107 3551 p.425‚1a.-1ttiemelie

111 3567 281 3636 grammatici
307 3567 414 3630 scripta
438 3569 471 3618 ab
496 3571 695 3633 interpretibus
722 3577 859 3637 usurpate
885 3575 917 3624 ut
942 3583 1012 3634 opus
1040 3575 1109 3635 me·

36 3645 38 3648 ¹
108 3651 305 3728 Ἡρακλείας,
322 3658 407 3709 schol.
424 3659 522 3715 Aesoh
540 3659 615 3718 Pers
633 3663 692 3714 93³.

178 3741 240 3805 179)
259 3742 316 3793 cti.
334 3741 433 3793 Veteri
449 3741 605 3804 prolegom.
623 3743 657 3794 ai
675 3743 769 3820 Eurlp.
785 3745 866 3795 Rhea.
883 3755 910 3806 p
928 3739 980 3789 vu
995 3753 1036 3804 sq.

179 3825 240 3889 18⁰)
258 3822 315 3878 tir
332 3824 451 3877 Bekkeri
468 3821 570 3876 Auecd.
587 3838 614 3888 p.
632 3825 696 3892 24⁰,
720 3841 746 3894 p
764 3825 797 3886 it
815 3829 844 3878 et
860 3827 1009 3890 plerosque
1028 3826 1107 3876 vete-

114 3923 160 3960 res
177 3907 395 3969 lexicogrepuos.
440 3970 442 3974 ‚
