2776 4656
516 389 558 404 ...
598 355 642 422 gg
682 391 725 402 ..

111 520 280 594 -quatmor,
298 519 434 591 receptae
452 533 513 576 eae.
525 520 733 595 erantquibus
752 519 844 578 altera
861 521 987 592 ⁴carebat.
1011 520 1118 596 idque
1140 539 1144 551 ’

126 608 381 682 persuasissimum
397 607 470 666 mihi
498 613 570 686 ests
605 611 631 666 si
659 626 746 684 quae.
763 609 880 684 tabulas
896 623 990 684 neque
1013 612 1047 668 iu
1064 613 1117 672 At·

126 698 437 774 tiso-Alexandrinum,
454 714 550 772 neque
567 701 827 775 inPergameuum,
846 713 941 772 nequo
960 701 1040 774 quod
1056 701 1125 768 obi-2

124 791 171 846 ter
194 789 313 846 ncmino
336 789 370 846 in
393 788 554 847 Alexandri
577 789 675 848 Aetoli
699 789 784 866 illudj
797 789 960 862 exemplum
984 794 1119 865 receptae

125 878 255 956 lucrium·
281 895 360 936 eas·
382 894 469 952 quam
489 868 656 938 celerrime
677 880 819 952 periisse.
860 909 904 940 -.
938 882 1005 941 Jam
1023 895 1118 957 rere,

125 984 215 1042 quum
233 969 273 1026 ad
290 969 625 1040 mauumAlcxandrinis
643 969 755 1028 tabulas
775 970 864 1028 tuisse
876 973 1002 1047 constet,
1023 972 1120 1030 utrum

123 1074 226 1116 omues
244 1058 318 1116 illas¹
333 1060 544 1116 illustraverint
568 1060 756 1135 Gramuratici
781 1059 932 1132 quaeritur
959 1075 998 1118 au
1022 1059 1120 1132 potius

124 1147 252 1220 singulas
272 1148 412 1218 singulari
436 1149 534 1224 studio
559 1149 684 1220 amplexi
703 1143 783 1204 sinti
819 1148 868 1204 Ad
892 1165 980 1222 quam
1003 1149 1121 1222 quidem

123 1237 310 1312 questionem
333 1253 387 1310 per
408 1241 442 1292 s'c
468 1236 664 1293 difficillimam
687 1239 818 1312 proiecto
841 1238 915 1296 nihil
929 1239 1120 1310 respondeas

123 1325 184 1382 nisi
202 1325 347 1382 ihushata
365 1325 404 1382 ad
422 1331 512 1382 uuum
528 1327 627 1384 omnia
646 1327 777 1384 dramata
796 1344 877 1402 esse,
906 1331 995 1402 atque
1013 1329 1064 1386 illa
1079 1329 1119 1392 ¹ab

124 1415 280 1492 omuibus,
291 1416 349 1489 qui
367 1416 614 1492 imperarent„
625 1417 837 1492 granuatiois,
856 1417 907 1477 illa
924 1435 944 1474 a
961 1418 1119 1494 plerisque,

123 1507 175 1564 illa
195 1504 311 1563 demum
334 1522 353 1561 a
370 1505 532 1576 nonnullis,
558 1506 616 1576 alia
640 1506 766 1579 denique
792 1507 828 1563 ab
854 1510 913 1562 urio
931 1507 1120 1572 ‚solummodo
1180 1505 1183 1512 ’

124 1595 321 1668 grammatico.
340 1625 379 1637 -
396 1595 492 1652 Aliter
516 1595 595 1651 enim
620 1595 765 1652 delectum
789 1595 952 1652 fabularum
976 1613 1048 1670 quas
1068 1597 1120 1654 ho·
1146 1589 1172 1634 ⁸

123 1685 231 1758 dieque
249 1683 390 1759 laglmas,
418 1699 477 1756 qua
500 1685 757 1745 tandemratiouo
782 1688 876 1742 tactus
895 1687 949 1762 sit,
979 1687 1120 1745 aliterue

123 1775 301 1832 scholiorum
328 1773 447 1847 quidem
466 1775 656 1846 superstitum
675 1774 871 1833 conditionem
894 1777 955 1832 tam
982 1777 1120 1848 inaequa-

124 1865 232 1922 lem-et
251 1863 335 1936 quasi
354 1864 513 1922 deiomtcm
529 1865 693 1936 intelligere
711 1881 772 1922 non
791 1881 875 1938 queo.
894 1895 933 1908 -

198 1954 267 2012 Alia
295 1957 429 2028 superest
457 1955 605 2028 quaestio:
639 1971 709 2011 num
737 1953 929 2017 Alexandrini
957 1953 1121 2012 dramatum

124 2029 290 2117 exemplum
313 2044 444 2100 Atticum
469 2044 645 2118 apographis
670 2047 755 2102 tactis
780 2045 1051 2118 multiplicaverint:
1083 2060 1122 2100 au

43 2169 48 2177 ·
123 2135 223 2208 potius
249 2149 350 2190 eorum
375 2134 575 2189 commentarii
605 2133 644 2188 ad
667 2134 753 2189 unius
780 2135 968 2206 ejusdemque
994 2133 1121 2205 exempli

125 2223 330 2282 auctoritatem
339 2222 547 2280 accommodati
566 2218 645 2278 sinti
665 2223 695 2278 Si
715 2221 751 2278 dc
770 2223 859 2278 variis
878 2206 1053 2298 apographis
1073 2239 1121 2278 co·

4 2381 5 2396 ¹
124 2313 375 2389 gitarerelimus,
401 2313 491 2370 etiam
516 2313 552 2370 de
577 2311 667 2368 variis
692 2312 911 2369 recensionibus
937 2311 1122 2381 cogitandum
1202 2319 1211 2332 ·

4 2445 5 2448 ,
124 2403 210 2461 nobis
230 2405 285 2459 est
322 2403 501 2476 Apographa
519 2402 598 2459 enim
622 2405 673 2458 aut
692 2402 729 2458 ab
748 2403 823 2476 ipsis
842 2401 1038 2474 grammaticis
1057 2399 1121 2456 illu·

4 2537 6 2550 .
126 2493 235 2552 stribus
254 2495 306 2548 aut
324 2493 482 2550 eorundem
507 2494 611 2551 saltem
636 2493 808 2550 auctoritate
834 2497 921 2565 atque
946 2492 1122 2566 auspiciisa

4 2581 6 2614 ²
126 2582 230 2640 scribis
255 2584 387 2649 coniecta
412 2586 487 2639 sunt.
531 2583 615 2639 Unde
639 2581 824 2639 recensiones
850 2582 983 2637 extitisse
1008 2582 1120 2638 Aristo·

74 2675 76 2680 ’
125 2674 280 2748 phaneam,
300 2672 527 2749 Aristarcheam,
541 2674 707 2730 Crateteam
726 2674 780 2727 etc.
802 2672 980 2743 sequeretur.
1000 2671 1122 2729 Verum-

126 2762 274 2820 enimvero
300 2762 474 2819 conditionis
503 2761 716 2819 transcribendi
740 2761 901 2834 universae
918 2761 998 2816 nulla
1020 2759 1123 2816 habita

125 2854 250 2928 ratione,
269 2852 328 2908 uisi
345 2853 378 2908 in
397 2852 572 2923 singularem
582 2852 728 2925 quendam
739 2867 870 2917 usum-
881 2851 981 2930 cogito
997 2866 1022 2906 e.
1037 2865 1063 2920 g.
1084 2849 1121 2906 de

125 2941 311 3000 bibliothecis
330 2941 510 3015 privatorum
526 2975 566 2988 -
583 2944 632 3000 hic
656 2943 705 2999 1111
731 2940 947 3014 transcripserit
970 2941 1019 2998 vel
1041 2942 1121 2996 tran·

4 3033 5 3038 ’
126 3033 216 3090 scribi
241 3032 374 3106 exempla
394 3032 532 3110 jusserit,
558 3049 694 3104 magnum
712 3031 785 3098 illud
803 3032 933 3090 Atticum
958 3030 1122 3104 exemplum

126 3123 277 3182 suffecisse
301 3124 503 3180 Grammaticis
528 3123 680 3182 contendo.
725 3117 1123 3200 Πολλὰ1111111ἀντίγραφα

127 3229 201 3288 quae
221 3229 241 3269 a
258 3212 422 3269 scholiastis
441 3214 552 3285 passim
576 3217 788 3289 memorantur,
813 3212 940 3284 Didymo
959 3211 1122 3268 recentiora

127 3302 229 3378 procul
257 3300 345 3358 dubio
375 3306 451 3360 sunt.
500 3305 681 3377 Quamquam
714 3305 770 3360 hoc
799 3302 973 3360 contrariam
1000 3299 1121 3372 aliouJus

128 3392 303 3452 senteutiam
320 3405 381 3448 non
398 3390 474 3449 bene
492 3396 608 3451 refutat.
648 3395 756 3450 Verum
782 3394 926 3465 quotquot
949 3393 1033 3447 extra
1052 3391 1121 3447 Ale·

127 3482 280 3540 andriam
299 3481 453 3538 exstabant
471 3485 614 3563 exempla,
634 3485 776 3556 quotquot
794 3469 910 3554 praeter
928 3483 1056 3539 Graecos
1074 3478 1122 3534 vel

127 3573 187 3648 ipsi
195 3572 318 3630 Romani
336 3571 542 3650 possidebaut3
562 3574 642 3647 ipsos
654 3576 753 3628 tamen
763 3571 977 3630 Alexandrinos
989 3567 1121 3644 pluribus

130 3661 291 3722 thematum
310 3663 451 3736 exemplis
469 3678 529 3718 uon
547 3663 708 3735 indiguisse
727 3664 858 3736 apparet.
878 3693 916 3706 -

202 3753 256 3812 Usi
274 3753 363 3826 igitur
380 3752 573 3811 Alexandrini
591 3754 742 3825 Lyeurgeo
761 3751 911 3826 exemplo,
932 3746 1048 3823 sequuti
1064 3745 1122 3819 uy-

131 3857 266 3916 curgeam
290 3844 490 3904 recensionem
515 3847 590 3904 suut
636 3842 845 3919 Apographum
869 3842 967 3901 eutem
991 3837 1121 3900 Athenas
