2792 4670
511 345 717 412 ..φι-

119 515 186 572 illue
203 511 338 572 lectionis
357 510 512 568 varietates
532 512 615 567 sunt:
633 510 763 566 attamen
779 507 886 568 abida
904 507 1112 582 antiquissimis

120 601 393 677 interpolationibus
411 601 565 679 loquimur,
584 601 699 658 illarum
716 600 874 658 lectionum
891 604 970 657 certe
989 599 1112 656 mentio·

120 710 188 752 nem
206 697 302 751 iacere
320 709 373 750 nos
392 694 517 766 oportet
559 731 561 736 ,

195 783 310 842 Deinde
329 785 501 858 histriones,
527 782 578 857 qui
595 781 627 837 in
645 799 691 839 vv.
711 781 798 838 modo
821 781 947 838 laudatis
971 780 1056 837 inviti
1079 783 1113 837 nt

122 879 244 950 apparet
267 877 439 950 peccanmt,
464 875 496 930 in
514 873 578 930 aliis
596 873 684 930 rebus
709 873 839 929 consulto
865 872 1039 946 propriaque
1057 871 1114 926 liii-
1199 936 1204 951 x

121 983 212 1023 nerva
229 969 338 1040 poetao'
352 965 554 1022 auctoritatem
572 964 778 1038 neglexerunt,
799 979 888 1037 quum
901 979 971 1019 suae
982 963 1114 1034 ipsorum

122 1055 381 1128 indoli‘indulgere
401 1073 488 1131 quam
506 1057 611 1128 poetae
629 1055 793 1111 morositati
811 1055 938 1111 mallent.
970 1052 1113 1109 Emenda-

122 1148 193 1204 bant
212 1144 250 1206 τά
265 1143 430 1225 δνςέκφορα
449 1144 621 1220 praesertim
639 1145 718 1218 apud
735 1145 920 1219 Euripidem
941 1147 972 1202 et
984 1143 1114 1208 Quincti·

120 1240 228 1314 lienus,
248 1237 336 1296 modo
353 1253 455 1293 rerum
467 1237 506 1292 sit
518 1235 580 1304 ejus
593 1237 630 1291 de
644 1236 780 1292 correctis
792 1235 930 1305 Aeschyli
948 1235 1052 1291 tabulis
1067 1233 1114 1303 ju·

121 1329 245 1403 dicium,
272 1326 385 1396 singula
403 1326 492 1383 verba
510 1326 547 1382 ab
566 1325 755 1384 histrionibus
774 1326 903 1383 faciliora
927 1324 964 1381 ad
977 1341 1114 1398 ‚pronun-

122 1419 258 1474 ciandum
275 1416 390 1484 reddita
408 1433 488 1491 esse,
521 1417 682 1487 significare
700 1417 824 1474 videtur.
862 1416 988 1473 Librarii
1017 1419 1115 1472 autem

122 1509 225 1566 saltem
242 1509 274 1564 in
292 1508 346 1566 hac
364 1525 397 1563 re
416 1507 453 1563 da
473 1523 525 1563 suo
544 1508 617 1564 nihil
634 1511 794 1581 posuerrmt
813 1511 900 1581 atque
918 1507 1036 1564 omnino
1048 1521 1114 1580 per·

73 1663 75 1668 ,
120 1616 239 1656 suasum
256 1599 366 1673 habeo,
387 1598 604 1671 antiquissimos
622 1600 757 1657 librarios
777 1616 888 1656 summa
906 1615 963 1672 qua
981 1599 1044 1654 fieri
1063 1613 1114 1670 po·

119 1691 177 1746 tuit
207 1690 263 1746 fide
291 1690 403 1746 fabulas
431 1690 656 1762 transuipsisse.
694 1691 797 1762 ltaque
824 1690 876 1747 ubi
904 1706 922 1746 a
951 1687 1114 1746 scholiastis

119 1783 270 1855 narratur,
295 1780 372 1835 hune
390 1779 471 1834 illum
488 1796 605 1836 versum
622 1779 655 1834 in
673 1780 845 1852 quibusdam
863 1779 1037 1853 apographis
1055 1794 1115 1836 non

120 1871 255 1944 reperiri,
274 1870 350 1925 hanc
363 1868 507 1938 jacturam
525 1870 551 1925 si
570 1886 631 1927 non
648 1871 717 1928 solis
736 1863 899 1946 actoribus,
919 1873 998 1926 certe
1016 1872 1115 1926 tamen

123 1961 232 2018 criticis
249 1960 462 2033 imputabimus.
503 1961 567 2026 Quo
591 1961 677 2019 simul
700 1962 774 2019 nihil
797 1961 877 2017 aliud
902 1961 1127 2016 demonstratur.

120 2053 179 2109 nisi
197 2050 349 2108 multitudo
370 2067 404 2107 ac
423 2051 549 2107 varietas
567 2051 627 2108 τῶν
646 2051 844 2129 ἀντιγράφων.
870 2052 952 2117 Quae
972 2051 1029 2108 huc
1047 2065 1114 2124 per·

121 2144 217 2200 tinent
241 2141 367 2215 scholia,
392 2141 470 2196 haec
495 2143 570 2195 sunt.
608 2143 702 2198 Schol.
728 2145 796 2198 Eur.
822 2143 910 2198 Rhes.
936 2160 962 2199 v.
989 2143 1034 2200 41.
1061 2141 1114 2200 οὐκ

11 2223 12 2226 “
121 2231 201 2292 ἔστιν
219 2224 388 2307 Εὐριπίδου
407 2227 424 2285 ὅ
445 2232 553 2307 στίχος.
575 2231 667 2312 Schol.
692 2233 787 2288 Orest.
807 2230 968 2290 629.’ἕνιοι’
983 2227 1015 2290 δὲ
1034 2230 1114 2290 aas·

122 2323 209 2380 τοῦσι
228 2321 332 2380 τοῦτον
349 2322 399 2376 καὶ
416 2316 468 2378 τὸν
486 2317 552 2392 ἑξῆς
577 2325 685 2398 στίχον.
705 2320 757 2379 οὐκ
780 2319 882 2399 ἔχουσι
898 2318 956 2401 γὰρ
981 2318 1033 2380 τάν
1050 2321 1115 2379 Eo-

123 2407 268 2490 ριπίδειον
283 2411 476 2491 χαρακτῆρας
495 2413 566 2469 item
583 2431 610 2470 v.
633 2413 706 2470 1352
730 2417 791 2470 tres
815 2431 918 2470 versus
943 2416 1044 2488 aperte
1070 2413 1115 2470 di·

123 2505 227 2568 cuntur
256 2502 428 2559 histrionum
458 2504 549 2575 magis
575 2520 662 2578 quam
685 2505 778 2578 ipsius
803 2505 950 2579 Euripidis
976 2522 1049 2562 esse.
1088 2507 1114 2564 E
1163 2506 1167 2514 '

122 2595 228 2670 quibus
247 2594 376 2670 colligas,
393 2611 495 2650 versus
514 2596 579 2650 illos
598 2595 630 2650 in
647 2595 820 2669 quibusdam
838 2594 1032 2673 ἀντιγράφοις
1051 2595 1115 2652 sive

123 2687 227 2743 saltem
250 2685 281 2741 in
299 2701 358 2741 uno
382 2701 443 2741 non
466 2701 531 2742 esse
556 2685 593 2742 ab
617 2686 827 2759 interpretibus
852 2690 1000 2761 repertos:
1026 2689 1115 2758 atque

121 2779 229 2834 iterum
248 2779 385 2850 apparet⁷
404 2775 579 2849 interpretes
598 2779 772 2851 comparatis
790 2779 867 2835 inter
880 2795 918 2834 se
936 2778 1025 2835 variis
1044 2793 1115 2851 apo·

122 2866 240 2946 graphia
259 2882 399 2939 perquam
418 2865 534 2943 sedulo,
560 2871 593 2924 ut
610 2873 727 2943 poetam
745 2870 847 2942 quavis
872 2869 984 2930 ratione
1008 2885 1113 2943 purga-

121 2962 197 3034 rent,
218 2973 343 3014 curasse.
372 2958 503 3030 Namque
522 2959 554 3014 in
571 2961 739 3034 Euripidcis
758 2961 964 3035 scholiis.prae
982 2960 1113 3036 reliquia,

122 3065 198 3123 quae
211 3049 300 3104 telem
312 3049 503 3121 interpretum
515 3065 613 3106 curam
625 3051 795 3128 significant,
816 3053 932 3125 saepius
944 3055 1114 3109 occurrente

121 3158 148 3197 e.
169 3153 196 3209 g.
222 3135 315 3195 Schol.
341 3140 409 3196 Eur.
437 3139 545 3198 Phoeu.
566 3142 637 3199 375:
663 3141 799 3220 ὁοτίγος
823 3133 911 3213 οὗτος
934 3141 964 3201 ἔν
982 3157 1059 3201 τισιν
1077 3141 1113 3200 od

123 3232 245 3308 φέρεται
264 3232 294 3284 et
313 3229 401 3287 1073:
426 3223 457 3286 ἓν
481 3230 604 3303 πολλοῖς
622 3231 815 3311 ἀντιγράφοις
834 3232 866 3291 oi
888 3236 1008 3312 piperata
1027 3225 1114 3303 οὗτος

122 3322 140 3379 d
160 3325 260 3400 στίχος
279 3323 310 3376 et
322 3319 401 3376 ’1225
422 3310 508 3392 οὗτος
527 3317 559 3380 δὲ
579 3322 595 3381 o‘
616 3327 715 3399 στίχος
734 3319 765 3382 ἒν
782 3325 906 3394 πολλοῖς
919 3323 1115 3404 ἀντιγράφοις

123 3409 158 3469 οὗ
178 3415 306 3490 φέρεται.
326 3410 420 3468 Schoh
439 3411 577 3470 Androm.
599 3414 687 3471 1230:
707 3408 738 3472 ἓν
757 3417 819 3484 τοῖς
837 3414 961 3484 πολλοῖς
980 3415 1040 3473 τῶν
1059 3414 1113 3471 ἀν-

122 3507 276 3580 τιγράφων
295 3499 348 3578 οὐχ
367 3498 486 3580 εὕρηται
504 3503 521 3561 ὁ
541 3507 651 3581 στίχος.
688 3507 713 3562 Ε
733 3501 900 3578 Sophocleis
920 3507 1036 3563 scholiis
1055 3506 1113 3561 huc

123 3591 265 3665 quadrare
293 3591 428 3649 videntur
457 3593 549 3650 Schol.
578 3595 647 3652 Ant.
673 3595 725 3671 45,
752 3595 823 3654 Oed.
851 3595 911 3654 Col.
938 3597 1008 3671 237,
1028 3595 1111 3665 Ajao.

122 3683 177 3740 841
194 3680 248 3764 ¹³).
285 3683 321 3740 ln
338 3684 507 3756 Aeschyleis
526 3685 634 3778 passim
652 3690 847 3744 memorantur
865 3683 980 3744 παλαιά
999 3684 1112 3761 βιβλία,

121 3809 314 3822 Μ

187 3884 232 3948 et)
249 3885 308 3934 Nou
324 3881 385 3945 ipso
402 3881 507 3946 quidem
524 3884 611 3934 verto
628 3887 814 3936 mmomntur
834 3871 1018 3952 ἀντίγραφοι
1036 3889 1111 3967 atta·
1133 3895 1134 3898 ’
