2776 4656
490 388 699 452 -81-

104 548 307 624 scribo.1psl
326 549 404 607 enim
422 548 576 626 biographi
595 550 815 672 decipiebantur
839 553 930 624 magis
950 568 1036 627 quarn
1054 553 1091 614 da

103 657 155 699 suo
174 641 343 716 deciperent
356 638 486 722 ι”).-

177 729 380 828 Carystius
403 731 662 829 Perpclrmelms
687 741 717 806 ir
735 743 781 825 τῷ
804 749 875 828 περι
894 685 1093 810 διδασκαλιῶν

100 845 236 902 laudatur
254 845 407 904 Athenaeo
425 845 512 919 le.
534 847 634 904 235e.
655 842 780 919 Raukio,
800 845 851 917 qui
870 837 904 919 (l.
926 861 950 901 c.
970 861 999 917 p.
1020 840 1092 928 164)

100 950 206 992 novam
224 937 474 1008 monumentorum
493 936 691 993 collectionem
713 936 820 990 factam
838 951 856 990 a
874 935 1007 1006 Carystio
1026 950 1092 992 esse
1177 971 1186 988 .
1297 1013 1300 1020 ¹

100 1030 198 1102 negat,
218 1027 375 1082 assentior:
389 1025 501 1082 Eadem
519 1025 628 1082 (lucium
646 1023 788 1080 Boe'ckhii
807 1025 870 1078 erat
889 1025 1041 1081 sententia.
1054 1057 1093 1070 -

102 1115 251 1186 Carystius
272 1119 370 1171 autern
387 1130 447 1169 non
465 1115 558 1169 solum
583 1115 619 1190 de
645 1111 762 1170 bomiris
788 1112 954 1170 didascaliis
978 1113 1030 1170 sed
1055 1115 1092 1172 dc

14 1185 15 1200 ¹
101 1206 220 1275 tragicis
241 1215 355 1276 quoque
375 1191 500 1276 scripsit.
540 1203 652 1268 Quibus
671 1203 789 1259 taudem
807 1202 945 1274 operibus
963 1203 1093 1261 didasca-

99 1293 166 1350 licis
184 1302 311 1365 numque
330 1291 462 1365 pluribus
481 1309 551 1348 usus
577 1292 632 1368 sit,
657 1293 799 1356 incertum
818 1294 871 1348 est.
889 1306 891 1315 ·
912 1283 1105 1366 Quamquam¹

101 1395 170 1439 eum
188 1385 302 1438 tantum
321 1382 463 1452 ejusmodi
487 1397 576 1437 nuum
600 1398 673 1456 opus
692 1383 878 1456 usurpavisse
898 1384 1090 1443 verisimilius.

14 1497 15 1506 ι
100 1473 206 1530 Suidas
231 1473 309 1528 enim
327 1471 611 1544 Sophoclemvicies
636 1476 754 1549 quater,
777 1469 928 1544 ,Diodorus
954 1475 1092 1534 duodevi-

99 1563 177 1638 cies,
199 1561 346 1632 Carystius
367 1560 492 1634 denique
517 1561 608 1619 vicies
627 1561 733 1618 vicisse
750 1564 888 1648 reiorum.
928 1553 1011 1630 Quae
1029 1567 1092 1638 qui·

14 1675 15 1690 ¹
100 1652 168 1709 dem
185 1651 298 1708 numeri
316 1651 443 1706 varietas
463 1667 480 1706 e
499 1651 588 1705 variis
607 1655 856 1708 monumentorum
875 1655 1092 1714 collectionibus

101 1745 205 1799 exorta
223 1741 433 1797 videturesse.
471 1739 611 1796 Diversos
635 1755 771 1796 numeros
797 1757 968 1814 componere
994 1731 1093 1802 studet

100 1831 187 1889 Ferd.
217 1829 378 1894 Schultzius
406 1829 465 1887 Vir.
495 1829 628 1902 Sophocl.
657 1846 686 1903 p.
716 1831 761 1886 57.
799 1831 904 1887 Parum
932 1834 1090 1906 probabile.

99 1921 233 1996 Namque
253 1913 447 1978 certissimum
466 1922 521 1996 est,
542 1919 692 1992 Sophoclis
711 1921 823 1976 fabulas
837 1923 925 1978 etiam
937 1929 1004 1998 post
1016 1941 1092 1982 mor·

102 2015 184 2068 tuum
212 2014 330 2084 poetam
357 2009 511 2076 victoriam
539 2010 597 2065 sibi
625 2011 742 2082 saepius
767 2013 944 2071 conciliasse.
980 2017 1093 2074 ’Μοιιιιὲ

99 2103 200 2163 menta
218 2103 319 2179 autem
336 2097 560 2168 didascaliarum
578 2113 669 2170 usque
695 2098 764 2168 dum
788 2101 902 2158 fabulae
928 2112 1092 2186 agerentur,

21 2187 22 2194 ’
101 2191 239 2258 continuo
264 2190 411 2246 exstructa
430 2189 536 2245 sunt¹⁹
543 2172 640 2266 ³).—
657 2187 741 2251 Unde
766 2189 839 2244 alius
864 2190 1000 2267 victorias
1024 2197 1093 2254 vivo

101 2269 243 2359 Sophocle
261 2268 425 2352 reportatas
445 2265 673 2354 consignaverit,
700 2275 773 2336 alius
792 2278 929 2346 victorias
949 2259 1093 2346 addiderit

101 2375 260 2446 postumus
279 2400 318 2413 -
344 2365 512 2426 Ceterum
503 2382 569 2439 ipsa
593 2367 707 2424 numeri
731 2369 857 2426 varietas
882 2376 999 2446 practer
1025 2376 1093 2434 Ari·

102 2455 237 2523 stotelcm
253 2458 342 2514 etiam
359 2457 457 2532 plures
484 2455 708 2542 didascaliarum
731 2449 918 2548 monumenta
933 2466 1092 2537 collegisse

44 2599 48 2604 ,
103 2570 137 2612 ae
156 2543 346 2622 descripsisse
366 2547 503 2604 ostendit.
522 2578 561 2590 -·

177 2661 226 2719 An
253 2637 497 2734 Asclepiades
529 2630 759 2733 Myrleooes
796 2657 984 2730 Tragicorum
1002 2627 1092 2718 inter

99 2768 171 2826 pres
196 2752 284 2808 luerit
307 2751 449 2813 incertum
468 2753 521 2806 est.
560 2752 635 2810 Nam
659 2767 734 2824 qnae
754 2770 771 2810 a
790 2753 953 2842 scholiastis
977 2757 1093 2830 Euripi·

100 2844 149 2900 dis
178 2842 285 2900 omisso
314 2839 411 2914 operis
439 2840 556 2896 nomine
581 2842 755 2919 afferuntur,
781 2861 817 2909 ea
841 2836 938 2902 omnia
957 2863 973 2904 e
992 2847 1093 2918 Tragi-

99 2932 193 2996 lensis
214 2925 477 3016 Τραγῳδουμένοις
496 2934 591 2992 sumta
610 2949 675 2988 esse
700 2950 788 3006 supra
812 2935 934 3000 ostendi.
973 2938 1094 2997 Verum-

102 3027 201 3086 tamen
220 3037 286 3076 eum
297 3018 435 3092 'liegicos
454 3024 587 3076 accurate
606 3022 736 3092 cognitos
756 3023 892 3080 habuisse
905 3025 1020 3082 abunde
1039 3028 1094 3100 do-

56 3163 57 3168 ,
103 3115 172 3202 cent
191 3109 294 3167 Scholl.
314 3107 404 3163 Arist
424 3107 516 3165 Rann.
538 3110 610 3166 1302
630 3105 698 3192 (8),
719 3113 790 3168 1355
810 3109 993 3198 (aa),1267.
1013 3149 1052 3159 —

104 3211 107 3220 ’
177 3215 224 3274 De
252 3195 543 3293 Apollodori-5
539 3217 647 3292 optime
681 3219 811 3290 Hcynius
846 3209 1006 3304 disputavit
1039 3217 1094 3303 (ed

14 3333 15 3336 ¹
103 3307 238 3381 Apollod.
258 3311 340 3379 irgm.
360 3325 390 3380 p.
411 3309 483 3367 1172
504 3299 592 3384 sqq..)
622 3305 789 3377 Equorum
806 3325 926 3367 numero
947 3297 1018 3367 duos
1043 3331 1097 3376 ex-

101 3397 271 3455 bibcamus:
290 3400 463 3456 Tarsensem
482 3401 513 3453 et
533 3398 721 3465 Cyrenaeum.
740 3429 779 3442 --
958 3429 962 3434 -

100 3523 105 3586 '.
179 3488 436 3586 Apollodorus
466 3486 667 3562 Tarsensis·
698 3518 756 3575 qua
790 3509 886 3564 aetate
912 3507 1021 3563 'vixerit
1048 3509 1093 3562 in-

102 3603 217 3658 certum
236 3605 290 3659 est.
322 3601 408 3660 Certe
425 3599 553 3670 Didymo
571 3596 718 3670 antiquior
737 3599 796 3653 est:
815 3599 849 3651 nt
867 3613 884 3652 e
904 3595 1001 3650 scholi.
1014 3593 1093 3652 Med.

78 3765 82 3775 '
172 3782 236 3840 rea)
252 3781 284 3836 e.
301 3777 431 3833 urnrorur
448 3781 482 3832 aa
499 3779 580 3841 soph.
598 3777 679 3840 arag.
697 3777 811 3826 aenou.
830 3789 854 3835 p,
871 3773 931 3823 rsa.
947 3798 981 3811 -

172 3863 234 3927 iil)
252 3861 309 3915 clr.
326 3865 443 3945 boecii.
459 3862 542 3924 corp.
558 3861 644 3913 lusor.
660 3858 683 3925 l,
699 3859 748 3910 aab
764 3869 793 3905 n.
808 3855 868 3904 tal.
929 3919 948 3975 6
993 3897 995 3904 ,
