2792 4670
495 341 712 409 vu...

106 503 317 581 epimelas
331 502 701 582 111118111111111111111.
741 503 813 570 Qno·
824 501 952 577 pertinet
968 503 1099 566 namus

107 597 146 660 da
164 597 274 658 Galliae
294 595 482 668 grammatica
498 594 666 671 tragoedia,
691 594 728 654 de
740 595 828 666 onius
847 597 977 667 ternpore
1001 597 1097 652 tanto-

105 703 183 762 pere
201 688 279 750 iuter
303 704 342 762 se,
359 686 535 748 dissentiunt
558 686 702 760 philologi.
720 679 881 766 nostri⁸³).
919 685 1000 744 Inter
1023 689 1111 758 quus'

104 779 266 855 Welckeri,
284 779 342 839 riri
352 779 475 854 egregii,
495 778 669 836 sententiam
681 780 743 835 toto
755 779 853 836 animo
864 775 1021 849 amplector
1033 770 1098 857 ’Ἢ
1150 783 1152 788 “

104 885 197 944 quare
215 885 253 932 ne
278 872 393 942 tempus
418 869 536 944 quidem
560 872 642 928 actae
668 868 775 942 Oedipi
799 867 927 938 spanni
951 883 990 924 ex
1006 867 1098 936 Athe,

104 959 174 1034 naei
191 955 321 1042 luciam)
339 960 477 1032 colligere
493 977 620 1034 possum.
638 991 679 1004 -
694 959 809 1018 Deinde
821 962 925 1032 poetae
942 958 974 1016 in
985 959 1097 1031 patriae

104 1051 229 1122 matiam
246 1055 334 1124 atque
353 1052 508 1112 illustrium
526 1051 694 1110 memoriam
710 1051 846 1112 ¹virorum
875 1051 1014 1112 historica
1038 1053 1097 1106 tra-

105 1142 218 1214 goediis
229 1143 429 1202 'immtemisse
449 1143 600 1218 dicuntum
625 1145 673 1219 ut,
693 1143 744 1200 ubi
763 1143 858 1203 denuo
876 1144 998 1212 agerent
1015 1141 1098 1200 tabu-

103 1231 178 1308 lam,
198 1233 285 1306 prius·
300 1233 393 1308 dicta,
417 1237 519 1306 utpote
543 1247 618 1304 qnae
644 1233 793 1306 praesenti
809 1233 936 1305 temperi
952 1248 1012 1290 non
1030 1248 1097 1288 con-

103 1323 261 1399 venirent,
283 1324 418 1382 omittere
437 1305 604 1396 eorumque
632 1323 697 1380 loco
724 1339 801 1380 nova
824 1321 966 1395 quaedam
990 1321 1098 1380 addere

103 1413 256 1472 deberent
292 1413 377 1473 Unde
392 1416 511 1485 tempus
530 1413 710 1486 quarundam
727 1414 905 1491 fabularum,
932 1430 990 1486 qne
1014 1417 1098 1473 actae

104 1504 229 1579 lirerint,
260 1505 412 1564 crunam
438 1505 538 1562 conati
562 1505 724 1578 complures
750 1507 825 1564 sunt.
850 1522 889 1553 -··
916 1505 963 1566 lta
988 1505 1019 1564 G.
1034 1506 1095 1565 Pr.

102 1593 286 1652 Hermannus
306 1595 451 1669 Oedipum
469 1597 639 1668 Tyrannum
661 1596 811 1670 Sophoclis
835 1596 868 1654 in
891 1595 1011 1657 Periclis
1036 1612 1096 1656 me*

102 1686 226 1742 moriam
256 1687 394 1760 scriptam
424 1703 489 1742 esse
518 1681 710 1768 conjecitu).
753 1686 789 1743 In
816 1687 898 1758 cnjus
928 1679 1096 1745 memoriam

102 1777 236 1850 plerique
255 1781 360 1851 poetae
379 1777 517 1852 videntur
536 1775 647 1848 aliquot
664 1793 767 1836 versus
787 1778 847 1834 suis
872 1777 977 1842 fabulis
1001 1778 1096 1837 immi-

103 1869 225 1924 scuisse.
263 1861 391 1925 Jacoius
404 1860 450 1947 ⁸⁷)
481 1867 651 1924 'li-achimas
690 1868 734 1924 Ol.
761 1867 808 1943 87,
834 1868 852 1922 1
878 1866 993 1924 doctam
1019 1886 1096 1944 essa,

104 1958 183 2032 quod
195 1958 350 2032 Sophocles
363 1974 464 2014 versus
478 1957 561 2035 llll,
582 1958 654 2014 1115
673 1958 705 2014 in
715 1957 836 2015 Periclis
855 1959 1034 2029 aegrotantis
1052 1960 1097 2018 di·

101 2049 196 2106 xisset
214 2050 390 2126 memoriam,
410 2047 542 2119 conjecit.
581 2050 692 2106 Eodem
711 2065 787 2107 anno
806 2049 895 2106 etiam
907 2050 1096 2124 Hippolytum
1178 2116 1181 2123 ¹

102 2138 252 2214 Euripidis
273 2141 388 2198 doctam
407 2155 471 2195 esse
491 2155 508 2192 e
526 2140 687 2208 fragmento
706 2141 895 2217 didascalico,
915 2142 993 2216 quod
1012 2159 1096 2214 argu-

102 2235 201 2286 mento
221 2225 366 2286 annexum
385 2232 439 2305 est,
460 2231 588 2300 cunstat:
608 2231 689 2302 cujus
708 2231 822 2287 rabulae
841 2249 917 2288 vers.
939 2233 1012 2288 1106
1032 2249 1094 2308 sqq.

99 2320 163 2390 jam
180 2321 345 2380 Boackhins
364 2319 402 2396 ed
421 2319 552 2394 ejusdem
569 2319 689 2379 Periclis
713 2321 847 2380 morbum
870 2322 1028 2416 pertinere⁴
1045 2323 1096 2380 do-

103 2512 302 2525 ——nu--u

103 2655 166 2695 esee
184 2647 347 2714 statuamus,
365 2645 508 2710 quiquam
523 2645 643 2696 rabulam
660 2646 695 2695 ab
712 2657 766 2696 avo
784 2647 907 2699 relictam
920 2647 1094 2713 1111101111-

103 2734 180 2778 rarat
197 2731 265 2784 etc,”
299 2727 383 2793 Certe
401 2731 497 2780 eximia
513 2728 657 2792 longitudo
675 2729 804 2781 dramatis
821 2729 884 2780 ntlril
902 2732 1078 2783 demonstrat.
1180 2723 1185 2726 ”

170 2808 215 2871 11)
232 2809 291 2862 cn.
307 2813 339 2862 (1.
356 2811 505 2862 Hermann.
523 2813 557 2861 de
572 2811 639 2875 ling.
656 2811 704 2861 Gr.
721 2811 783 2862 dial.
800 2825 827 2874 p.
843 2811 882 2862 111
892 2827 951 2877 sqq.
979 2816 1095 2866 nuecklr.

103 2893 138 2942 de
155 2893 203 2943 Gr.
221 2896 255 2943 tr.
272 2895 316 2951 Pr,
334 2908 361 2957 p.
379 2894 411 2944 81
434 2909 491 2958 sqq.
514 2897 545 2944 et
561 2893 612 2944 188
628 2907 685 2956 sqq.
710 2889 752 2957 Ej.
777 2896 833 2944 lad.
858 2897 939 2966 lieet.
961 2895 1054 2948 Berel.
1069 2913 1095 2952 a.

102 2974 177 3026 1811.
195 2975 228 3027 de
246 2975 316 3026 Grisl
332 2977 440 3028 Pladar.
458 2991 483 3040 p,
507 2977 549 3027 18.
575 2977 670 3040 Pilugk
685 2977 791 3036 Pratum
809 2979 844 3028 ad
865 2979 956 3042 Eurip.
978 2981 1049 3037 Med,
1067 2995 1094 3044 p.

102 3059 118 3108 t
134 3068 192 3122 sqq.
225 3059 372 3110 Welelrer.
390 3059 418 3110 in
434 3063 503 3116 Noe.
521 3062 595 3110 Mus.
610 3059 730 3117 Rhenes,
746 3055 768 3109 1.
787 3075 814 3122 p.
829 3059 879 3111 117
895 3076 960 3124 sqq.

169 3137 214 3202 31)
229 3141 266 3208 V.
283 3141 430 3194 welclrer.
452 3144 470 3200 1,
488 3155 512 3193 c.
528 3157 556 3205 p.
572 3142 622 3192 rm
638 3155 698 3206 sqq.
731 3142 865 3195 Boeelrlrlo
883 3144 1047 3213 assentitur,
1063 3149 1096 3222 qt

103 3225 230 3288 apparet,
247 3225 421 3288 Bernhardy:
439 3227 485 3282 Gr,
503 3228 567 3276 nat.
585 3225 683 3276 Geruli.
700 3239 724 3288 p,
743 3226 800 3278 119.
958 3271 960 3276 .
1081 3290 1083 3299 Δ

168 3307 213 3370 tt)
231 3304 359 3368 denos.
375 3307 435 3366 vn,
452 3309 501 3358 176
519 3323 542 3365 a,
560 3311 595 3359 x.
612 3307 663 3360 118
679 3305 709 3359 l).
722 3309 770 3359 113
788 3323 812 3360 e.
1025 3339 1035 3376 Ι

168 3389 212 3453 tt)
228 3391 345 3450 (tuaest.
364 3390 495 3454 (teutpert.
512 3406 536 3456 p,
553 3393 585 3441 ar
602 3406 657 3456 aqr
680 3394 791 3460 „Multo
815 3392 916 3444 certius
939 3393 1094 3445 sententiae

103 3475 215 3522 nestrae
233 3477 424 3536 argumentum
441 3474 507 3527 inde
530 3477 664 3526 accedere
681 3474 862 3542 arbitramur,
884 3477 955 3539 quod
971 3476 1095 3540 proxime

103 3557 235 3617 sequente
262 3559 371 3606 aestate
392 3555 435 3612 01,
452 3558 500 3623 17,
527 3557 545 3608 1
571 3557 704 3609 Periclem
728 3561 864 3609 mertuum
888 3569 952 3609 esse
976 3563 1094 3622 coastat,

104 3647 182 3700 quem
203 3636 292 3699 ipsura
315 3640 368 3688 aab
391 3638 486 3702 oedipi
512 3653 633 3704 persona
657 3641 816 3706 exagitasse
840 3643 920 3693 nabis
944 3641 1095 3704 sophocles

103 3717 240 3770 videtur.”
1088 3732 1092 3751 ¹

167 3803 212 3868 17)
229 3803 340 3863 qamt.
357 3806 483 3870 sapinci.
507 3817 532 3868 p.
550 3804 614 3872 188,
631 3807 762 3869 prelatus
778 3807 918 3858 scrutato
941 3804 996 3858 Vir.
1013 3811 1094 3872 septi.

103 3897 128 3946 r·
145 3885 178 3934 87
194 3897 235 3949 er·
414 3907 417 3914 ¹
1087 3923 1090 3932 ·
