2776 4656
670 346 878 410 ..54-

280 503 317 562 95
335 506 493 581 memorat3
513 505 706 566 cumRhodio
721 507 801 566 idam
818 507 936 568 ridetur
946 509 1046 568 fuisse.
1085 509 1283 570 Alexandrini

279 593 359 652 enim
377 607 536 666 cognomen
553 597 628 656 nihil
646 598 726 659 aliud
745 599 903 677 significat,
917 601 976 658 nisi
994 600 1189 660 Alexandriae
1210 614 1285 660 eum

279 690 487 746 commoratum
505 705 571 746 esso
596 690 744 764 iussoque
769 693 1029 750 Grammaticorum
1053 707 1151 750 unum
1171 723 1211 736 -
1228 694 1285 752 ’11-

278 775 430 836 machidaa
457 775 606 850 Μασας
637 781 726 838 etiam
753 781 943 853 Tragicorum
968 783 1082 842 sacua
1111 783 1285 857 cornplexas

279 883 361 944 osse,
387 867 541 954 admodum
565 870 716 943 probabile
742 874 795 930 est
843 874 997 949 Attamen,
1025 889 1100 947 quae
1124 874 1158 930 in
1176 874 1283 934 scholl.

278 958 308 1016 ll.
328 958 487 1016 afferuntur
511 961 543 1017 in
568 961 626 1018 alio
651 962 751 1019 nescio
769 979 827 1035 quo
845 963 920 1020 libro
940 966 1063 1022 fortasse
1082 965 1115 1021 in
1132 980 1284 1024 commen-

278 1046 353 1105 tario
381 1048 466 1121 longe
491 1051 642 1109 meliorem
665 1053 775 1110 habent
798 1052 901 1112 locum
949 1055 1016 1121 Quo
1047 1055 1125 1112 bene
1149 1056 1286 1131 pertinet

279 1140 369 1199 etiam
395 1141 484 1199 schol.
497 1151 499 1156 ·
512 1143 564 1200 Ar.
590 1142 663 1201 Rau.
691 1145 772 1202 1302.
792 1177 831 1190 -
851 1147 909 1206 Cir.
934 1148 965 1204 et
983 1145 1115 1204 Runkius
1135 1139 1283 1222 delexic.

278 1231 453 1304 Hesychiam
474 1236 533 1292 ete·
549 1252 578 1309 p.
600 1235 655 1294 113
675 1252 738 1311 sqq.
758 1254 787 1312 p.
809 1236 887 1316 117„

352 1356 602 1450 Demaratus,
640 1379 721 1450 cujus
750 1372 991 1457 Tpuymdoc‘pavu
1016 1379 1158 1435 memorat
1187 1376 1281 1435 Clam.

279 1470 365 1528 Alex.
385 1471 508 1545 Protrp.
528 1471 564 1526 27
585 1473 617 1529 G.
637 1485 696 1542 qua
715 1471 811 1524 aetate
831 1469 938 1524 vixerit
955 1483 1014 1526 non
1034 1473 1156 1526 constat.
1195 1470 1284 1527 Atta-

281 1577 350 1618 men
369 1551 518 1644 sischolia
526 1561 660 1635 Apellen
680 1557 774 1616 Rhod.
787 1557 811 1635 1,
823 1559 869 1615 45.
891 1559 965 1615 1290
983 1561 1035 1616 ubi
1054 1575 1120 1616 eum
1137 1561 1283 1639 Hesiodo,

247 1719 250 1726 ,
279 1651 458 1729 Pherecyde,
470 1651 534 1708 aliis
545 1653 594 1726 qui
605 1651 812 1723 mythologiam
823 1653 999 1728 Graecorum
1009 1654 1211 1727 exposuerunt
1220 1667 1284 1710 una

278 1729 424 1820 laudatur,
443 1743 615 1818 respicimus
635 1757 702 1798 eum
715 1739 883 1814 Asclepiadi
895 1741 1058 1812 mosilensi
1070 1741 1160 1804 luisse
1172 1759 1281 1817 aequa·

279 1832 338 1890 lem
357 1832 512 1890 admodum
530 1833 680 1908 probabile
699 1833 739 1888 111.
784 1831 880 1887 Lubet
905 1831 941 1888 de
959 1849 997 1889 eo
1021 1832 1113 1890 verba
1131 1847 1280 1907 apponere

278 1924 376 1982 Vossii
394 1924 452 1987 11
472 1919 542 1980 3521
563 1921 734 1999 „Demarati
753 1920 790 1977 de
809 1921 950 1996 Phrygia,
970 1923 1007 1980 de
1026 1923 1193 1986 fluminibus
1211 1923 1281 1980 Plu·

279 2013 398 2070 tarchus
424 2012 460 2070 de
486 2013 599 2089 fluviis,
625 2009 786 2068 seeundum
807 2005 1072 2087 Τραγῳδουμένων
1096 2015 1169 2071 citat
1186 2015 1277 2072 Oiem.

278 2103 332 2160 Al..
345 2102 630 2164 Protr.·Plutarchus
647 2102 680 2158 in
691 2099 829 2171 Agesilao
849 2102 957 2175 scripta
975 2108 1117 2162 memorat
1128 2105 1280 2164 Demarati

279 2191 434 2251 corinthii.
484 2193 542 2251 Sed
566 2193 652 2264 hujus
679 2191 823 2251 corinthii
852 2207 890 2249 an
919 2195 1034 2251 caetera
1062 2208 1177 2269 quoque
1205 2192 1278 2268 sint,
1375 2193 1376 2252 1

284 2279 426 2358 reiquae
445 2285 508 2356 eius
527 2283 597 2359 sint,
617 2298 692 2358 quae
705 2279 834 2359 11111111,
854 2281 932 2342 baud
943 2285 1071 2356 procliva
1091 2287 1137 2342 111
1148 2281 1278 2342 (11111111

280 2375 338 2432 Gir.
357 2374 480 2434 Eusebii
503 2373 640 2448 Praepar.
665 2376 719 2432 Er.
745 2390 774 2448 p.
797 2373 860 2432 157.
882 2375 927 2431 ed.
947 2374 1037 2431 Paris.
1091 2409 1094 2418 ‹

352 2483 441 2556 Viros
458 2497 637 2576 enumeravi,
656 2489 778 2572 quorum
797 2514 851 2574 pro
870 2515 923 2554 sua
941 2501 1174 2570 unumquemque
1193 2497 1279 2572 parte

181 2633 189 2646 .
278 2585 468 2660 Tragicorum
486 2592 619 2667 fabulas,
645 2589 830 2668 tragicaeque
855 2589 926 2645 artis
946 2585 1097 2657 historiam
1115 2585 1278 2643 illustrasse

203 2755 205 2761 Ι
279 2681 401 2737 constat.
447 2680 549 2758 Quod,
575 2696 662 2761 quam
689 2679 771 2738 varia
795 2679 909 2756 ratione
933 2680 1041 2735 iactum
1060 2677 1134 2734 site
1155 2677 1278 2750 singulis
1313 2725 1318 2736 .

278 2769 459 2840 singulorum
482 2773 634 2828 auctorum
658 2771 795 2846 operibus
820 2769 905 2827 facile
929 2768 1084 2840 intelligas.
1128 2769 1170 2824 At
1188 2783 1277 2842 quum
1373 2765 1374 2774 ’

207 2935 209 2939 ⁴
277 2859 407 2916 omnium
426 2875 500 2935 quos
518 2862 603 2918 attuli
621 2861 749 2919 virorum
767 2875 857 2935 opera
873 2869 970 2918 meam
988 2859 1025 2916 de
1042 2859 1179 2916 universa
1190 2857 1277 2931 hujus

148 2967 154 2974 ·
277 2949 393 3023 periodi
421 2949 519 3009 indole
550 2954 637 3027 atque
667 2952 785 3034 iugenio
816 2949 992 3007 sententiam
1027 2949 1099 3006 satis
1131 2964 1275 3032 superque

278 3042 445 3097 'sustentent
464 3046 494 3099 et
518 3042 674 3114 affirment,
701 3060 736 3100 ea
761 3058 835 3116 quae
860 3041 945 3096 initio
964 3038 1049 3109 hujus
1069 3037 1275 3112 disputationis
1373 3041 1374 3088 l

278 3130 401 3204 aliisque
420 3132 492 3189 locis
511 3134 621 3207 passim
640 3134 792 3206 eloquutus
812 3147 891 3204 sum,
911 3131 944 3184 ut
963 3130 1104 3205 repetam,
1123 3147 1197 3202 opus
1216 3146 1276 3186 nou
1373 3129 1374 3152 ¹

278 3224 333 3278 est.
371 3221 596 3299 Praetorium,
624 3238 698 3296 quos
724 3222 841 3294 etipse
870 3218 1033 3302 nominavi,
1063 3223 1094 3277 et
1122 3221 1275 3294 scripsisse

279 3306 367 3366 simili
394 3311 507 3370 rationo
536 3313 573 3370 de
601 3312 732 3384 'tragicis
761 3309 939 3386 complures,
971 3311 1001 3378 et
1028 3313 1183 3385 usurpatos
1213 3327 1274 3388 eos,

278 3399 386 3457 omisso
404 3395 533 3479 nomine,
553 3420 571 3459 a
590 3403 753 3461 scholiastis
772 3403 821 3458 vel
838 3401 875 3456 ab
895 3399 1106 3476 antiquioribus
1126 3403 1274 3458 Gramma-

278 3490 345 3548 tisis
364 3506 429 3547 esse
448 3495 578 3565 prolecto
596 3509 656 3550 non
675 3496 720 3549 est
740 3491 817 3566 quod
836 3508 977 3551 moneam
1015 3496 1124 3551 Verum
1143 3493 1274 3549 consulto
1372 3489 1373 3500 ³

278 3579 462 3656 praetermisi
486 3584 581 3659 viros,
610 3585 660 3658 qui
680 3581 868 3650 Graecorum
881 3583 1088 3656 mythologiam
1112 3575 1273 3642 illustrave-

278 3672 354 3750 runt,
380 3673 431 3748 qui
450 3673 486 3732 de
505 3674 612 3750 poetis,
633 3674 669 3732 de
689 3673 809 3751 musica,
829 3675 865 3732 de
885 3676 954 3732 vitis
974 3674 1129 3733 illustrium
1146 3673 1273 3732 virorum

280 3762 458 3848 scripserint,
477 3766 661 3841 praetermisi
675 3765 893 3841 antiquissimos
912 3765 1146 3842 glossographus
1166 3763 1273 3838 quippe

280 3867 403 3928 quorum
429 3872 524 3933 neque
554 3857 663 3920 scholia
690 3861 791 3918 nostra
818 3858 935 3920 sciunt,
956 3855 1304 3935 ruentioneur‚.-nequsx
