2776 4656
670 349 877 416 App„

274 507 458 593 Eustathius,'
468 514 628 573 Scholiasta
639 503 853 592 Aristophanis,
868 514 923 573 -alii
937 509 999 594 ¹³¹)
1018 513 1055 572 de
1067 505 1170 594 eodem
1182 522 1271 570 vorsu

275 609 370 682 deque
394 610 458 665 toto
482 605 634 680 Euripidis
657 604 786 664 dramate
811 607 944 662 narrant:
975 605 1131 678 Euripides
1155 605 1270 664 Aristo·

274 699 379 774 phanis
399 697 595 755 acerbissimis
614 687 698 776 (vide
718 697 758 754 sis
772 695 881 754 comici
892 686 1112 776 Athenienses)
1131 695 1270 754 conviciis

274 793 434 848 commotus
453 787 614 844 correxisse
638 785 780 861 fabulam,
805 790 884 843 certe
907 784 994 842 irrisa
1017 786 1081 843 loca
1105 790 1193 859 atque
1219 800 1270 842 ex·

275 881 359 956 piosa
377 878 538 936 resecnisse
559 875 699 932 videatur.
738 877 821 942 Quae
832 869 938 932 'tamen
956 877 1069 951 omnia,
1095 881 1129 933 ut
1152 879 1270 932 senten·

273 972 345 1028 tiam
363 983 459 1025 meam
477 967 514 1023 da
533 965 697 1039 duplicibus
716 965 930 1036 tragoediarum
953 965 1173 1022 recensionibus
1192 969 1270 1023 rcth-

272 1065 349 1136 tem,
378 1075 438 1116 non
466 1060 657 1113 memorent.
697 1057 815 1114 Certum
840 1059 901 1131 est,
930 1054 1100 1129 Euripidem
1128 1057 1270 1130 quasdam
1372 1121 1373 1126 η

272 1150 396 1225 Telephi
420 1147 535 1206 fabulae
560 1150 660 1221 partes
684 1149 802 1221 propter
820 1146 1025 1220 Aristophanis
1048 1147 1199 1204 irrisiones
1222 1163 1270 1204 rc-

274 1241 404 1314 spuisscr
424 1242 552 1296 attamen
571 1238 731 1312 Telephum
750 1238 846 1294 denno
864 1235 978 1294 doctam
997 1252 1062 1294 esse
1081 1238 1160 1295 nullo
1178 1237 1269 1294 verbo

273 1331 388 1408 dicitnr.
433 1329 525 1386 Irmno
553 1329 755 1400 idiographum
779 1327 928 1401 Euripidis
953 1329 1118 1402 exemplum
1142 1327 1270 1384 auctoris

271 1420 449 1476 mutationes
474 1421 562 1490 atque
588 1417 806 1473 emendationes
831 1433 950 1490 passum
975 1435 1056 1493 esse,
1083 1435 1190 1493 easque
1215 1435 1270 1492 per

272 1509 461 1568 Aristotelem
479 1507 684 1581 proximosque
702 1497 911 1580 Peripateticos
936 1509 1145 1581 posterioribus
1165 1512 1268 1567 Gram-

271 1600 398 1674 maticis,
417 1598 556 1672 Zenobio,
576 1597 761 1673 Scholiastis,
781 1597 846 1656 aliis
865 1597 1026 1659 innotuisse
1045 1599 1118 1658 mihi
1137 1604 1182 1658 est
1200 1617 1267 1674 per-

271 1690 455 1748 mussimum.
488 1690 624 1746 Ceterum
642 1687 740 1746 tabula
758 1687 795 1746 ab
813 1689 1009 1764 Aristophane
1028 1694 1181 1764 tantopere
1200 1707 1267 1765 per·

269 1781 373 1839 stricta
390 1780 438 1838 his
456 1778 555 1838 doceri
573 1794 632 1836 non
650 1781 763 1856 potuit3
791 1797 978 1855 oaramnsque
997 1797 1072 1854 quae
1091 1782 1268 1842 eontrarium

270 1870 438 1946 ostendant,
449 1885 577 1943 :pmrsus
595 1870 729 1926 omnibus
748 1872 935 1940 argumentis.
954 1901 994 1918 --
1012 1871 1070 1931 Sed
1085 1872 1267 1930 haechaeta-

269 1979 335 2018 nus.
373 1962 452 2018 Num
468 1958 637 2016 Aristoxeni
661 1973 768 2016 nomen
792 1962 902 2018 mutem
925 1961 957 2018 in
974 1955 1154 2038 Aristo'rmi,
1178 1977 1267 2036 quem

267 2049 432 2108 &hohesta
445 2046 665 2120 „Aristophanis
692 2052 850 2126 memorat,
883 2050 980 2110 adhue
1014 2051 1119 2112 dubius
1147 2053 1264 2110 haereo.

270 2138 385 2208 Quodsi
402 2137 573 2198 Aristoxeni
598 2138 653 2196 init
671 2139 729 2198 ista
754 2141 899 2218 narratio,
926 2159 993 2203 eum
1017 2142 1171 2214 diiigenter
1194 2157 1264 2213 apo·

234 2229 236 2233 ’
269 2229 381 2304 grapho
393 2231 533 2288 tractasse
545 2229 706 2286 luculenter
718 2228 906 2288 demonstrat.
937 2233 1119 2303 Quamquam
1129 2232 1259 2291 criticam

270 2321 360 2380 luisse
378 2318 547 2378 Aristoxeni
566 2333 685 2387 operam
703 2332 763 2376 non
780 2319 967 2376 demonstrat.
1006 2321 1098 2376 Immo
1122 2322 1154 2376 in
1173 2323 1265 2381 histo-
1371 2341 1372 2368 2

268 2412 338 2468 ricis
356 2421 471 2480 quoqne
490 2403 578 2460 rebus
597 2402 668 2458 fides
693 2403 721 2459 ei
740 2405 914 2481 abrogatur,
937 2412 971 2464 nt
994 2411 1095 2466 auctor
1112 2408 1191 2464 vitae
1211 2413 1267 2468 So-

268 2497 409 2572 phocleae
429 2491 559 2565 ejusdem
578 2493 614 2549 dc
634 2493 784 2568 Sophoclis
808 2495 978 2569 parentibus
1001 2497 1198 2554 narrationem
1215 2515 1266 2558 re·

267 2591 351 2646 futat
383 2587 419 2646 ln
437 2601 495 2662 qua
513 2584 631 2658 quidem
643 2585 721 2642 ritae
734 2585 928 2662 descriptione
946 2587 993 2645 bis
1011 2587 1160 2647 laudatnrz
1182 2586 1266 2662 dipel

268 2673 302 2738 δὲ
316 2673 539 2755 Ἀριστόξενος,
571 2672 613 2746 ὥς
637 2673 754 2752 πρῶτος
773 2676 833 2735 τῶν
853 2675 1028 2750 Ἀθήνηθεν
1057 2679 1186 2750 ποιητῶν
1211 2676 1264 2754 τὴν

271 2767 407 2848 Φρυγίαν
430 2757 606 2840 μελοπὸιΐαν
630 2763 671 2836 εἷς
695 2761 734 2824 τὰ
751 2761 815 2824 ἴδια
835 2765 959 2850 ᾄσματα
982 2768 1132 2848 παρέλαβε
1149 2771 1199 2827 καὶ
1218 2768 1264 2848 τῷ

268 2851 484 2934 ὅιθνραμβικῷ
496 2859 597 2935 τρόπῳ
610 2853 771 2932 κατέμιξεν.
791 2859 882 2928 Ωιιαε
897 2858 1014 2933 quidem
1026 2859 1116 2916 verba
1128 2859 1159 2915 in
1172 2877 1260 2934 opere

266 2949 335 3029 scopi
357 2947 500 3024 μουσικῆς
525 2947 674 3004 exstitisse
699 2948 808 3022 optime
840 2953 962 3024 possunt
976 2948 1055 3032 ¹⁸⁸),
1087 2954 1187 3023 eontra
1211 2951 1260 3010 iiia

265 3041 303 3098 de
328 3037 478 3113 Sophoclis
503 3037 673 3112 parentibus
699 3041 844 3100 sententio
869 3057 907 3100 ex
931 3057 1033 3115 opere:
1058 3039 1124 3117 βίος
1143 3035 1260 3122 ἀνδρῶν
1371 3077 1372 3124 3

265 3215 466 3231 ,ιιι-...1,-

331 3336 393 3397 itt)
411 3334 551 3386 zenobius
568 3335 609 3391 ed.
626 3337 658 3384 Α.
676 3331 714 3385 A(
725 3335 832 3387 schotti
849 3335 898 3401 ll,
919 3336 961 3386 St.
980 3337 1072 3388 'chol
1088 3337 1172 3390 Arist.
1189 3341 1257 3396 itan.

265 3419 342 3473 1441.
375 3417 506 3481 liciiquos
532 3417 685 3479 scriptores
711 3417 773 3469 ride
799 3419 871 3482 apud
895 3419 927 3475 G.
945 3419 1112 3471 Diadortiurn
1137 3421 1166 3492 hp
1185 3423 1258 3474 recu.

264 3505 344 3570 frgnr,
362 3499 455 3560 Enrip.
472 3513 498 3560 p.
516 3498 573 3548 lto.

332 3575 1256 3657 immpmmpammmmmamemc

228 3719 235 3730 ,
266 3672 305 3721 At
318 3671 345 3720 in
364 3669 477 3735 reiiqnis
494 3663 653 3721 Aristoxeni
671 3671 800 3734 operibns
818 3671 891 3722 dicto
907 3685 969 3723 esse
986 3684 1075 3734 aequo
1095 3669 1163 3736 jure
1185 3687 1255 3746 pos-

263 3758 343 3806 sunt:
369 3749 448 3829 Περὶ
472 3748 607 3824 αὐλητῶν
631 3761 728 3811 Athen.
745 3761 829 3828 xlii,
846 3761 895 3812 ott
912 3761 938 3812 d.
971 3750 1050 3830 Περὶ
1074 3751 1175 3814 αὐλῶν
1204 3757 1255 3814 rot

265 3832 399 3912 ὀργάνων
418 3849 465 3906 lv,
482 3848 532 3898 174
549 3860 573 3897 o.
591 3861 615 3900 c.
634 3846 683 3897 128
700 3848 719 3896 1.
738 3846 786 3898 184
801 3849 828 3899 d.
