2776 4656
648 373 854 438 -nc-
937 351 1038 476 A*

260 537 398 596 'laetam
414 529 660 616 utrumquem),
685 537 829 599 'rhomam
843 539 938 616 Mag,
963 539 1052 618 allos,
1072 541 1188 620 ‹ioutas¹
1214 549 1248 602 ut

259 643 331 702 mihi
349 643 480 720 ridant,
498 641 633 732 turbidos
648 644 839 722 limososrsaer
864 643 1020 723 statimque
1045 649 1083 707 ad
1106 633 1246 712 Deae*

259 743 371 818 {cmm
403 731 622 819 mollitiam
651 767 698 818 ine
711 761 864 840 converto3
884 762 944 840 qui,
962 758 1189 842 qualemcunque
1201 767 1244 824 in-

259 853 439 934 terpretandi
465 857 606 915 rationem
634 855 782 936 exhibuit,
824 861 953 920 attamen
990 863 1108 937 proprio
1148 856 1245 920 Marte

258 945 394 1022 'Tragicos
415 949 540 1006 Graecos
558 949 721 1006 illustravit
969 947 972 954 '

331 1040 428 1114 Atque
447 1037 586 1110 Aeschyli
610 1039 738 1112 quinque
766 1037 879 1098 fabulas
904 1039 1011 1119 edidit,
1041 1049 1074 1100 ut
1098 1039 1247 1104 PaschaIIs

172 1151 175 1166 ⁴
258 1125 364 1190 Baitius
389 1127 468 1206 apud
491 1129 658 1188 Fabricium
681 1123 726 1206 (V
741 1147 770 1204 p.
790 1129 846 1187 776
869 1124 967 1214 Harl.)
991 1134 1089 1192 refert.
1126 1139 1245 1195 Descri-

256 1223 317 1298 psit
334 1221 412 1280 enim
431 1219 567 1280 codicem
585 1221 655 1278 olim
673 1221 883 1279 Faruesianum
905 1225 968 1279 tum
986 1221 1109 1298 Regium
1127 1220 1243 1302 Neapo.

255 1313 395 1373 litauumt
424 1311 497 1390 „332
515 1308 656 1384 Aeschyli
679 1308 865 1393 Προμαθεύς
890 1308 1057 1392 δεσμώτης,
1078 1305 1170 1376 limet
1190 1313 1242 1379 ἐπὶ

258 1402 377 1482 Θήβας,
396 1399 529 1481 Πέρσαι,
544 1402 755 1478 Ἀγαμέμνων,
774 1399 936 1480 Εὖμεαίδες
954 1423 1018 1463 cum
1030 1409 1137 1478 glossis
1151 1409 1242 1468 inter-

257 1495 415 1552 linearibus
440 1496 470 1551 et
489 1490 606 1551 scholiis
630 1494 835 1564 marginahbus
860 1495 987 1569 antiquis
1006 1492 1134 1556 Thomas
1153 1493 1246 1572 Magi·

258 1577 312 1644 siri
340 1589 371 1644 et
398 1582 541 1642 Demetrii
569 1581 709 1642 Triclinii.
757 1577 853 1651 Quum
881 1579 996 1644 scholiis
1025 1589 1156 1654 Triclinii
1184 1593 1246 1650 fere

257 1680 399 1752 perpetuo
417 1676 591 1750 praefigatur
609 1667 736 1753 ἡμέτερα
754 1678 784 1733 et
802 1674 886 1735 initio
904 1674 1075 1758 Δημητρίου
1094 1679 1148 1737 τοῦ
1169 1669 1254 1758 Τρι-Ι

257 1767 377 1840 aleator,
396 1767 491 1825 codex
508 1767 556 1824 hic
574 1767 767 1839 bombycinus
785 1770 836 1825 aut
855 1764 1044 1848 alteroccae
1063 1773 1118 1846 est,
1138 1773 1189 1828 aut
1208 1788 1247 1828 ex

256 1857 438 1938 alternatae)
469 1857 647 1935 descriptus3
682 1862 760 1915 certe
790 1857 897 1915 saeculi
925 1861 970 1915 est
998 1849 1068 1918 XIV
1095 1855 1136 1918 ad
1160 1853 1266 1919 fiuem'

192 2021 196 2034 Ι
256 1949 422 2027 vergentis,
448 1965 507 2023 quo
535 1953 664 2023 tempore
696 1945 850 2006 Triclinius
881 1941 1009 2006 floruit“
1061 1947 1102 2010 ut
1129 1953 1247 2012 omnino

256 2041 423 2098 Britanniae
441 2038 580 2112 philologi
599 2037 720 2114 aequius
740 2032 922 2098 de'iriclinio
937 2039 1080 2119 judicant,
1098 2035 1142 2099 ita
1151 2042 1247 2102 Elms·

255 2131 329 2203 lcjus
359 2147 473 2206 quoque
500 2125 534 2188 in
562 2126 637 2188 Mus.
671 2124 741 2188 orit.
768 2129 933 2204 cantabrig.
959 2125 1040 2214 VII„
1064 2151 1093 2208 p.
1119 2127 1173 2192 457
1200 2152 1243 2210 sq.

258 2221 363 2302 „Licet
390 2221 566 2294 Aeschylum
589 2237 649 2278 non
675 2221 734 2278 nisi
761 2238 779 2277 e
803 2222 972 2280 recensione
1001 2224 1132 2282 Tricliuii
1159 2225 1245 2283 nobis

154 2365 157 2372 .
244 2312 410 2392 ‘exhibeam
439 2313 584 2371 immerito
612 2317 710 2370 tamen
726 2308 882 2384 ‘neglectus
907 2316 953 2371 est
977 2329 999 2372 a=
1019 2306 1164 2393 victorio,
1195 2313 1245 2393 qui

256 2409 317 2462 tam
334 2405 367 2460 in
385 2406 601 2476 Agamemnone
620 2418 706 2478 quam
723 2403 754 2458 in
774 2402 838 2458 aliis
857 2400 964 2463 tabulis
982 2407 1087 2464 multas
1105 2409 1247 2468 lectiones

256 2495 380 2566 vulgatis
400 2495 534 2552 meliores
559 2512 597 2552 cx
616 2511 651 2552 eo
667 2491 798 2568 proferre
817 2487 990 2567 potuisset.‘'‘
1009 2530 1048 2542 -
1067 2499 1247 2558 scholiorum

257 2589 355 2644 autem
380 2587 539 2664 specimina
564 2602 638 2662 quae
662 2584 813 2643 nobiscum
837 2586 1057 2644 communicavit
1080 2591 1246 2669 Elmslejus,

255 2680 288 2736 in
305 2677 413 2735 nostris
433 2678 550 2736 scholiis
573 2693 634 2734 non
650 2676 797 2754 reperies3
821 2677 898 2739 unde
923 2693 984 2752 quo
1003 2679 1069 2749 jure
1093 2680 1245 2741 Fabricius

256 2773 356 2829 nostra
381 2769 491 2827 scholia
515 2767 621 2827 dixerit
644 2785 704 2825 non
728 2785 793 2826 esse
817 2770 959 2828 Demetrii
984 2771 1109 2841 colligas.
1128 2805 1167 2816 —-
1185 2775 1245 2832 De-

256 2862 377 2919 metrius
406 2861 470 2918 illas
498 2861 611 2918 hbulas
638 2859 808 2936 illustravit,
838 2876 913 2937 quae
941 2861 1099 2920 etiamnum
1126 2864 1243 2922 scholiis

257 2952 385 3012 metricis
410 2952 537 3024 gaudent
561 2945 628 3030 (ch.
654 2969 728 3026 quac
754 2969 842 3026 supra
861 2952 896 3009 dc
914 2951 1046 3023 Eugenio
1065 2943 1152 3036 dixi)
1189 2957 1242 3012 At-

258 3049 357 3103 tamen
376 3044 446 3103 God
465 3043 552 3104 Laur.
572 3043 607 3101 A.
629 3043 678 3118 qui
696 3041 827 3100 Triclinii
846 3045 972 3100 aetatem
995 3044 1080 3116 longe
1106 3062 1242 3120 superare

257 3137 372 3212 dicitur,
392 3135 544 3212 quominus
564 3134 737 3207 conjecturis
755 3135 850 3192 locum
869 3133 1059 3194 concedamus
1078 3138 1222 3212 prohibet

331 3225 491 3302 Sophoclea
509 3229 605 3285 autem
624 3225 733 3284 scholia
751 3226 793 3283 ita
812 3227 962 3303 tractavit,
987 3231 1020 3285 ut
1043 3245 1097 3304 pro
1121 3228 1242 3286 arbitrio

256 3319 376 3393 antiqua
395 3318 504 3376 scholia
522 3321 574 3374 aut
592 3317 708 3374 afferret
726 3319 778 3374 aut
794 3318 962 3389 negligeret
994 3311 1084 3377 immo
1102 3318 1241 3392 antiquis-

256 3411 350 3469 simos
364 3411 553 3487 interpretes,
579 3424 701 3483 quorum
718 3409 836 3466 uomina
853 3410 1020 3486 plerumque
1040 3412 1151 3488 omisit,
1178 3410 1242 3466 bre-

256 3502 341 3562 vibus
359 3501 481 3561 reibtat:
505 3504 538 3558 ut
562 3499 599 3558 ad
619 3501 691 3558 Oed.
712 3497 773 3560 Col.
793 3501 849 3558 900
868 3499 1094 3579 Praxiphauem:
1117 3498 1245 3584 ῥυτῆρας

135 3639 137 3646 ,
255 3590 315 3674 γὰρ
333 3588 401 3664 τούς
416 3589 555 3670 χαλινούς
574 3605 677 3670 φησιν,
696 3591 733 3650 οὐ
750 3588 787 3652 τὰ
805 3586 1001 3672 ὑποδήματα,
1021 3592 1062 3666 ὡς
1078 3589 1116 3652 τὰ
1134 3591 1242 3670 σχόλια

257 3735 456 3748 -Q—-fln

322 3825 384 3890 alt)
402 3826 459 3879 ctu
477 3825 599 3879 cameri
620 3827 725 3878 aueco.
746 3827 794 3880 br.
817 3827 852 3880 ΙΙΙ
875 3841 901 3892 ια
918 3827 970 3880 884
984 3838 1043 3894 aar.
1067 3825 1098 3879 θ.
1115 3823 1242 3880 Mueller.

259 3910 286 3962 in
304 3912 373 3964 Nov.
391 3911 462 3962 itm.
480 3911 565 3963 Rhea.
582 3911 622 3972 V,
644 3911 693 3962 338
709 3924 766 3976 sqq.
