2776 4656
636 385 679 396 ,-
719 349 763 414 ⁷0
802 383 844 394 .-

252 517 349 582 Quare
377 528 438 570 non
469 467 736 570 dubitosinn‘iium
763 514 998 594 argumentorum
1024 509 1064 570 ad
1092 509 1245 585 Sophoclis

123 631 130 641 ·
251 605 450 680 Philometam,
468 602 674 678 Aristophanis
692 603 809 678 Nubes,
828 603 942 677 Raues,
962 600 1155 670 Lysistratam
1171 615 1245 660 cun·

252 693 320 754 dem
344 694 580 752 Granrmaticum
600 693 689 750 fuisse
715 696 869 751 auctorem
909 693 1062 766 Quumque
1086 691 1245 766 unicnique

250 783 590 866 dandinafl-didascaiica
608 785 708 857 procui
728 783 817 842 dubio
835 783 1022 860 annexuerit,
1048 783 1137 840 etiam
1156 777 1246 857 ἐμμί-

192 937 206 960 .
251 894 333 954 spese
350 875 408 932 iiiis
427 891 475 932 res
495 875 684 932 didascalicae
704 891 811 948 easque
826 875 956 948 pedestri
971 874 1102 952 oratione
1121 873 1247 946 scapus

154 977 156 984 ’
252 963 376 1021 eundem
394 965 561 1037 adjunxisse
587 964 779 1026 certissimum
804 968 858 1021 est.
897 964 998 1030 Qualis
1024 965 1139 1020 demum
1164 963 1247 1020 didu-

253 1055 350 1124 scaliei
369 1055 533 1127 argumenti
551 1055 700 1128 specimen
718 1055 867 1125 egregium
885 1057 992 1130 exstat,
1011 1055 1149 1112 nisurum
1160 1069 1246 1128 quar·

252 1151 315 1202 tum
338 1145 410 1202 iliud
435 1146 474 1203 ed
497 1145 647 1218 Aristoph.
673 1147 774 1206 Nubes
799 1142 864 1224 (ed.
887 1139 1004 1226 Dind).
1024 1177 1063 1190 -
1080 1146 1129 1204 An
1152 1139 1258 1220 ἐμμέι

252 1256 340 1314 tecue
360 1235 522 1306 ὑποθέσεις
546 1238 584 1293 ad
602 1253 702 1294 onmes
721 1236 810 1292 trium
828 1236 1014 1307 Tragiccrum
1038 1236 1150 1293 mbuias
1176 1233 1248 1294 scri-

139 1339 141 1344 ’
252 1328 360 1402 pserit,
379 1329 523 1384 incertum
542 1330 595 1383 est.
633 1328 749 1400 Ubique
767 1343 837 1384 vero
861 1327 940 1399 quod
958 1327 1064 1384 iterum
1082 1314 1247 1400 iterumque
1283 1389 1288 1395 ,

251 1432 371 1492 moneo,
402 1416 624 1472 didascaliarum
651 1417 795 1474 rationem
819 1417 929 1473 habuit.
956 1417 1107 1487 singulam
1120 1415 1248 1500 ,emus

253 1519 329 1566 σεων
345 1523 421 1580 opms
441 1522 507 1562 enm
531 1507 729 1579 composuisse
755 1506 916 1576 significare
941 1506 1058 1563 videtur
1075 1507 1247 1564 Athenaeus

252 1597 333 1671 ic,
359 1612 533 1669 quemquam
558 1598 583 1652 si
607 1597 673 1670 quis
698 1596 913 1654 cementariis
937 1597 1171 1669 Aristophanieis
1196 1613 1248 1653 cas

252 1689 447 1760 praescriptas
466 1687 558 1743 fuisse
577 1688 727 1745 contendit
744 1703 805 1744 non
822 1701 999 1768 magnopere
1017 1681 1195 1756 renegabor.
1207 1715 1255 1754 ····.
1289 1753 1292 1758 ¹

251 1777 368 1850 uosque
387 1793 488 1834 omnes
507 1778 596 1834 trium
614 1779 802 1850 Tragicorum
821 1777 950 1854 fabulas,
975 1781 1119 1850 quotquot
1142 1778 1175 1835 in
1193 1778 1247 1836 At·

252 1865 311 1924 tion
329 1868 464 1941 exemplo
484 1868 646 1941 descriptae
665 1869 782 1943 iuer-int,
802 1869 950 1940 amplexas
961 1885 1028 1924 esse
1039 1885 1100 1924 nou
1112 1867 1247 1941 estquod

251 1973 394 2015 moneam
414 1957 511 2014 Facile
531 1961 638 2032 autom,
658 1961 837 2030 quantopere
856 1958 894 2013 ab
912 1958 1109 2032 Aristophane
1121 1958 1248 2029 genuine

253 2046 474 2104 didascaiiurum
491 2050 679 2102 monumenta
696 2050 860 2120 permutata
879 2047 938 2103 sint
957 2064 973 2103 e
993 2052 1039 2106 sat
1057 2049 1153 2106 multis
1166 2048 1247 2104 cciii*

253 2150 305 2206 gas
326 2137 483 2212 exemplis:
510 2128 636 2208 genuina
654 2154 756 2194 eorum
773 2140 866 2195 forma
882 2155 903 2209 a
920 2140 1131 2212 posterioribus
1141 2141 1244 2196 Gram-

252 2227 384 2304 maticis,
411 2227 516 2302 quibus
541 2243 579 2283 ne
599 2243 689 2301 opera
705 2229 825 2302 quidem
844 2228 1020 2287 didascalica
1039 2234 1160 2304 praesto
1184 2231 1245 2286 ine·

252 2317 326 2394 rint,
347 2319 439 2390 magis
459 2319 609 2391 magisque
628 2319 761 2389 neglecte
786 2322 840 2377 est.
880 2321 976 2385 Quare
1002 2321 1079 2394 quod
1103 2321 1247 2389 genuinae

168 2417 170 2422 '
253 2407 428 2468 didascalice
454 2409 602 2480 specimen
625 2411 686 2465 fere
710 2409 822 2466 nullum
844 2410 992 2483 hodieque
1017 2410 1159 2486 supersit,
1184 2412 1248 2469 noli

252 2498 360 2556 mirari.
379 2530 419 2542 -
436 2500 583 2556 Hactenus
610 2499 646 2555 de
668 2501 848 2592 argumentis
874 2499 1056 2557 didascalicis
1075 2501 1248 2575 Aristopha-

252 2587 298 2644 nis
326 2588 477 2660 Byzantii,
517 2591 599 2656 Quae
629 2590 759 2646 sirecte
785 2591 971 2663 disputavero
995 2590 1248 2668 demonstrabunt,

133 2723 158 2738 ,.
253 2693 340 2750 quam
358 2680 563 2738 veredicum
589 2680 629 2736 sit
652 2679 817 2736 Bneckhic:
848 2679 952 2755 „Quae
977 2680 1014 2738 de
1040 2682 1248 2755 superstitibus
1317 2715 1323 2724 ·

185 2804 186 2808 =
252 2769 384 2838 ‘ihugicis
414 2773 447 2826 et
475 2771 673 2843 Aristophane
702 2760 878 2827 didascalica
906 2774 1077 2848 supersunt,
1112 2773 1248 2830 videntur

252 2874 357 2929 mama
386 2875 424 2923 ex
454 2864 538 2935 parte
568 2861 775 2935 Aristophanis
799 2862 933 2933 Byzantii
957 2863 1173 2922 commentariis
1197 2863 1251 2922 cie-s

251 2949 316 3006 beri
329 2944 419 3029 ηψπ
549 2987 553 2995 ¹
1245 2997 1247 3004 Α

325 3041 392 3096 Jam
415 3040 455 3097 ad
479 3041 601 3099 alteram
632 3040 794 3101 studiorum
818 3044 1100 3118 Aristophaneorum
1122 3050 1246 3124 partem,

252 3130 290 3187 aci
309 3132 530 3188 commentarios
553 3134 836 3206 critico-exegeticus
861 3138 1073 3191 transeamus·
1089 3137 1138 3194 Ad
1162 3137 1247 3194 mini-

252 3237 331 3277 mum
355 3221 425 3278 bina
450 3222 612 3280 fabularum
637 3225 770 3298 exempla
793 3229 911 3300 praesto
936 3227 1124 3296 grammatico
1153 3232 1245 3284 erant.

187 3335 195 3346 -
253 3311 372 3384 Absque
402 3313 492 3371 dubio
520 3330 656 3386 magnum
674 3315 834 3372 Alexandri
861 3315 960 3374 Aetoii
986 3319 1154 3391 exempbrm
1182 3335 1247 3376 cum

252 3401 352 3459 Attico
370 3403 420 3461 ilio
439 3407 635 3481 comparabat,
654 3421 712 3478 quc
732 3407 803 3463 satis
821 3421 956 3478 magnam
975 3409 1134 3482 scripturae
1154 3409 1247 3466 vade-

252 3495 343 3549 tetem
360 3509 396 3550 ac
415 3495 640 3570 discrepantiam
664 3500 779 3554 exstare
798 3497 882 3554 heile
901 3499 1085 3570 intelligeret
1124 3499 1247 3557 Adhibi-

253 3583 291 3638 tis
311 3588 409 3644 autem
427 3588 563 3641 accentus
583 3585 684 3661 signis,
704 3587 790 3644 modo
810 3591 1010 3664 apographum
1028 3590 1158 3647 Athenas
1178 3590 1248 3648 mis·

319 3708 379 3773 171)
402 3711 485 3773 corp.
507 3711 592 3766 inser.
615 3711 636 3759 i.
657 3723 684 3772 p.
704 3710 762 3761 35⁰.
797 3711 839 3764 De
857 3713 981 3776 reliquis,
1005 3725 1076 3777 quac
1095 3719 1246 3778 supersunt

253 3793 436 3853 argumentis,
452 3805 578 3856 quaeque
596 3794 755 3858 pierumque
772 3794 926 3860 iragmeuta
940 3802 1058 3858 apparet
1073 3809 1149 3859 esse,
1174 3796 1247 3848 inira
1269 3823 1272 3830 ·

254 3881 398 3939 expsnms,
415 3874 461 3926 irbi
479 3877 512 3928 de
528 3876 639 3928 scholiis
655 3877 849 3940 superstitibus
865 3891 958 3931 sermo
974 3877 1038 3930 erit.
