2776 4656
685 377 893 442 ...32-

296 543 396 617 susp.
416 557 444 598 v.
466 540 530 616 rsa,
552 540 604 597 171
625 543 716 614 paea
755 541 837 608 cuae
857 526 973 600 amun
990 538 1102 597 saon
1120 553 1187 597 eum
1203 537 1289 598 sors-
1347 577 1349 585 2

297 629 349 692 xor
367 631 457 690 inisse
482 631 655 708 ostendunt3
685 633 715 687 at
739 634 897 704 potuerunt
918 630 1022 687 eadem
1046 629 1137 688 rerba
1157 629 1193 687 in
1209 645 1289 689 eum·

299 723 443 782 monterio
461 723 624 802 perscripta
642 721 770 801 perbene
790 738 864 778 esse.
895 723 1031 780 Ceterum
1047 721 1131 794 prius
1148 721 1292 786 scholium

299 831 316 872 e
336 812 499 888 posteriore
516 815 644 870 sumtum
663 814 724 888 est3
749 812 826 870 unde
844 811 1004 884 Didymnm
1027 812 1202 870 contrariam
1220 813 1293 872 Tar-

203 951 215 974 ,
245 909 249 918 ‘
299 904 379 962 sensi
396 902 622 976 explicationem
649 902 806 974 prosilisse
835 917 895 960 non
910 903 1033 978 *dubim
1058 934 1097 948 -
1120 901 1292 976 Apollodori

297 993 452 1054 Tarsensis
477 992 564 1067 aiibi,
590 993 617 1048 si
641 992 753 1065 excipis
777 992 949 1051 scholiastae
968 993 1173 1068 Aristophanis
1200 993 1292 1072 Gom,

298 1085 409 1150 mentio
433 1085 509 1143 iacta
532 1097 593 1140 non
617 1084 671 1138 est.
708 1083 881 1156 Plerumque
906 1082 986 1140 enim
1009 1083 1062 1140 ubi
1084 1075 1293 1158 praetermisso

298 1174 468 1248 cognomine
483 1167 717 1251 Ἀπολλόδωρος
732 1172 849 1246 quidam
861 1172 975 1249 osteor,
997 1173 1118 1232 illustris
1139 1172 1188 1232 ille
1199 1173 1293 1232 Athe-

297 1266 409 1326 niensis
427 1263 543 1322 videtur
562 1263 661 1328 citari:
681 1265 714 1318 ut
732 1263 855 1333 Etymol.
877 1263 1001 1332 Gudian
1013 1280 1043 1338 p.
1054 1263 1111 1321 321
1124 1281 1149 1320 s.
1165 1281 1193 1320 v.
1214 1267 1307 1337 κίκυς.
1371 1335 1372 1344 ¹

178 1389 181 1395 ,
298 1355 510 1416 Atheniensem
533 1352 686 1427 iutelligit,
713 1368 799 1425 quem
822 1369 898 1426 opus
922 1355 1152 1424 Etymoiogicum
1176 1370 1292 1432 compo·

298 1444 393 1503 snisse
419 1442 526 1500 scimus
551 1435 669 1532 (Heyne
695 1442 827 1514 Apollod
844 1437 1028 1523 Ι1144εςςι.)
1052 1475 1089 1488 -
1114 1443 1160 1502 lta
1184 1443 1217 1500 in
1241 1445 1291 1502 So·

298 1534 428 1610 phocleis
438 1531 557 1588 scholiis
570 1534 684 1586 tantum
691 1532 879 1592 Atheniensis
891 1535 1074 1594 memoratur.
1093 1533 1184 1605 Curius
1198 1549 1290 1604 gram-

297 1623 397 1684 matici
415 1621 607 1695 bibliotheca,
635 1637 724 1696 quam
742 1621 887 1696 hodieque
905 1623 1044 1700 legimus,
1063 1641 1130 1683 cum
1147 1623 1290 1690 similibus

296 1714 433 1791 operibus
458 1711 665 1788 Asclepiaden,
689 1713 882 1788 Pherecydis,
901 1714 1066 1790 Demarati,
1086 1715 1209 1774 aliorum
1225 1731 1289 1774 sae·

296 1807 417 1882 pissime
445 1802 493 1860 usi
520 1802 694 1875 interpretes
723 1819 757 1858 ac
786 1803 959 1860 scholiastae
985 1807 1061 1862 sunt.
1086 1836 1125 1849 —
1147 1805 1289 1865 Diversus

297 1896 455 1968 deniquae
469 1891 663 1950 Grammatico
674 1891 730 1964 Ap.
745 1893 907 1968 Tarsensis,
921 1896 1009 1966 poeta
1021 1895 1159 1966 Tragicos
1171 1889 1289 1980 (ideque

296 1987 316 2044 1.
334 2003 361 2046 c.
380 2003 409 2057 p.
432 1976 530 2058 1174).
549 2011 589 2024 ·-·-

370 2121 445 2177 item
470 2102 694 2202 Apollodori
721 2101 909 2200 Cyrenaei
944 2117 1025 2179 aetas
1045 2121 1140 2180 dubia
1177 2119 1290 2181 citatur
1361 2183 1364 2192 ,

296 2219 327 2276 in
352 2217 441 2280 schol.
467 2217 537 2274 Eur.
568 2217 616 2273 Or.
647 2217 720 2276 1369
748 2223 811 2274 una'
835 2217 908 2276 cum'
927 2217 1065 2290 Didymo.
1103 2221 1224 2278 Verum.
1238 2217 1289 2278 ubi

296 2309 419 2366 aliorum
439 2308 699 2368 Grammaticorum
723 2309 979 2381 interpretationes
1005 2326 1070 2377 cum
1093 2309 1213 2380 Didymi
1230 2310 1288 2368 iilis
1371 2331 1372 2358 ;

138 2383 143 2398 ’
211 2417 212 2422 ’
296 2399 465 2470 afferuntur,
486 2397 655 2472 plerumque
675 2399 854 2468 grammatici
872 2399 999 2471 Didymo
1019 2397 1197 2474 antiquiores
1212 2403 1286 2458 sunt.

296 2486 481 2561 Quapropter
504 2501 564 2542 non
588 2487 739 2560 Pamphilo
764 2489 987 2568 glossograph0‚
1013 2477 1051 2545 ut'
1070 2490 1176 2548 Athen.
1196 2491 1243 2552 Xl
1260 2507 1287 2568 p.

295 2576 384 2658 toth,
412 2575 512 2652 docet,
543 2577 595 2632 sed
620 2577 708 2633 etiam
732 2575 857 2649 Didymo
883 2579 989 2650 Magno
1015 2580 1208 2653 antiquiorem
1232 2585 1286 2656 Ap.

177 2739 184 2752 Ι
294 2669 476 2737 Cyrenaeum
501 2681 566 2722 esse
596 2665 747 2724 contendo.
767 2701 806 2715 -
832 2669 933 2742 Ipsum
964 2673 1061 2726 autern
1089 2669 1231 2729 scholium
1259 2676 1288 2729 et

294 2755 532 2813 commentarium
550 2773 618 2812 eum
636 2759 667 2813 in
686 2758 855 2831 Euripidem
875 2761 1026 2833 scripsisse
1045 2763 1075 2818 et
1094 2762 1186 2835 qualis
1206 2763 1287 2819 indo·
1371 2819 1372 2824 ,

293 2845 331 2902 iis
359 2845 447 2902 inerit
477 2846 549 2920 iste,
581 2848 727 2920 patefacit.
771 2849 953 2922 Quamquam
979 2849 1070 2906 rerba
1099 2841 1286 2938 scholiastae:

292 2932 351 2991 siet
370 2929 403 2990 di
421 2937 471 2991 sal
490 2933 580 2992 ἄλλαι
599 2934 708 3006 uictos,
734 2935 771 3008 ἅς
795 2934 948 2996 irridendi
965 2935 982 2996 d
998 2938 1286 3018 'onoprqparaoclpess

292 3059 357 3110 νος,
378 3039 416 3096 ad
434 3038 592 3113 Didymum
610 3045 712 3099 refero.
732 3076 771 3088 —
795 3045 929 3120 Denique
949 3046 1037 3110 etiam
1050 3032 1136 3132 Ap.
1166 3035 1285 3148 Alite*
1371 3101 1372 3146 ἱ

293 3136 456 3209 rotensem
485 3151 671 3227 quaestiones
691 3152 863 3216 dramaticas
884 3159 984 3238 sedulo
1004 3162 1160 3238 tractasse,
1181 3155 1285 3222 docent

292 3244 385 3321 ipsius
405 3247 514 3330 scripta
532 3247 602 3322 περῖ
620 3245 783 3326 Σώφρονος
803 3256 833 3312 et
851 3256 918 3330 περὶ
932 3253 1125 3336 Ἐπιχάρμου.

367 3355 570 3428 Arnnrnntc'
593 3356 848 3438 Marmarici
876 3379 948 3454 nepo
968 3368 1071 3451 corvio
1093 3381 1200 3442 librum
1222 3383 1284 3446 bo

272 3455 278 3520 Ῐ
293 3467 344 3527 dat
366 3467 536 3528 Athenaeus
561 3469 645 3548 vlu,
669 3471 757 3530 343c.
778 3477 808 3530 et
824 3470 873 3552 X,
898 3475 980 3536 ilii.
1018 3477 1151 3539 Incertae
1176 3481 1283 3538 aetatis

293 3559 464 3632 scriptorem
488 3557 653 3617 Meinekius
680 3562 734 3628 Qu.
756 3565 806 3642 Sc.
831 3565 874 3626 111
898 3568 963 3644 pi
989 3569 1135 3627 normani:
1161 3571 1284 3634 cercesi

291 3647 383 3717 ipsius
403 3648 499 3720 operis
525 3647 743 3722 inscriptionem
767 3654 1038 3732 animadvertimus,
1065 3675 1132 3714 eum
1149 3660 1197 3714 vel
1216 3663 1282 3716 ante

290 3735 448 3804 Didymum
466 3738 513 3794 vel
533 3738 662 3810 eiusdem
682 3744 778 3800 aetate
800 3744 907 3805 vixisse
925 3746 1077 3822 probabile
1098 3751 1152 3806 ost

367 3840 412 3895 Ita
439 3826 552 3900 Pium
586 3861 718 3922 quoque,
738 3848 928 3921 interpretaur
940 3852 1115 3930 sophoclis,
1141 3859 1174 3912 nt
1193 3855 1280 3912 schol
