2776 4656
534 375 740 454 ...γη-

142 555 206 600 srm
224 540 263 602 iis
280 542 416 604 murm
438 553 504 594 esse
530 542 641 598 certum
665 541 727 614 est,
752 540 845 598 invito
863 539 982 604 librario
998 539 1134 602 lectionis

140 630 298 699 varietates
314 627 464 692 sexcentis
480 627 552 690 locis
571 629 711 688 macerae
724 633 806 712 ¹scirit.
846 629 928 695 Quae
946 645 1016 686 vero
1033 630 1134 689 leodo-

139 736 194 780 nes
213 723 265 782 aut
282 720 342 794 ipsi
359 718 551 792 Aristophani
570 722 621 778 aut
639 714 703 792 mus
721 720 813 778 aetati
832 717 1009 796 debeantur,
1034 736 1134 794 aarum

58 833 67 846 -
139 813 254 886 partem
272 827 361 884 snpra
380 809 556 870 enumeravi.
593 808 692 870 Etiam
715 810 853 870 universa
876 811 1015 886 mmpons
1034 811 1133 882 maiiiv,

139 901 182 962 tio
200 904 234 960 ut
253 901 355 964 critica
372 917 424 961 ars
439 899 592 973 accederet
611 899 649 959 ad
660 899 848 977 nmoedas,
867 899 1026 974 flagitabat.
1046 901 1132 966 Prae·

138 996 272 1065 terquam
290 991 369 1066 quod
393 990 574 1065 grammatici
591 990 783 1051 Alexandrini
806 990 926 1052 criticae
952 991 1131 1053 exercendae
1160 1019 1164 1026 ·

138 1081 237 1141 studio
255 1082 426 1156 flagrabant,
446 1081 535 1140 etiam
553 1081 642 1140 eiua
660 1081 847 1152 'l'ragieom
865 1079 979 1140 fabulae
990 1097 1067 1154 quac
1078 1098 1132 1156 per

137 1177 200 1232 tam
226 1173 418 1244 longinquum
448 1173 563 1243 tempus
594 1170 697 1244 quovis
721 1169 808 1229 modo
834 1169 1008 1243 depravatae
1031 1175 1133 1237 essent
1239 1215 1248 1234 ,

138 1277 228 1320 mma
245 1260 359 1319 medica
376 1259 508 1332 indigere
527 1259 608 1319 visae
627 1262 703 1318 sunt.
741 1262 952 1320 Verumtamen
970 1261 1053 1322 crisis
1072 1263 1131 1320 llo·

68 1407 74 1413 .
139 1351 249 1410 marica
267 1366 332 1409 cum
350 1349 461 1422 tragica
479 1350 614 1422 componi
637 1365 786 1423 nunquam
807 1354 922 1424 petest:
945 1366 1047 1425 neque·
1060 1351 1132 1426 quid

138 1440 351 1502 inflomericis
370 1439 545 1502 carminibus
564 1441 701 1498 sanandis
720 1444 807 1514 atque
833 1442 865 1501 in
882 1441 1028 1512 integrum
1045 1442 1131 1500 resti-

138 1531 255 1590 tuendis
273 1533 422 1605 praestare
441 1531 630 1590 Grammatici
649 1531 818 1613 debuerint,
844 1531 875 1590 id
894 1532 926 1588 in
944 1532 1131 1606 magicorum

138 1621 275 1695 operibus
293 1621 429 1696 poterant
445 1623 606 1694 praestare.
625 1651 665 1666 ·-
1127 1693 1129 1698 ,

212 1711 439 1784 Aristophanem
457 1709 547 1782 igitur
565 1711 597 1766 in
616 1710 792 1781 Aeschylum
816 1714 1040 1772 commentatum
1064 1727 1130 1770 esse
1171 1718 1178 1726 ’
1220 1748 1225 1757 -

136 1803 204 1876 ipsa
223 1800 341 1874 quidem
360 1799 470 1860 scholia
492 1815 554 1858 non
571 1799 697 1856 uadunt.
735 1802 832 1875 Atque
857 1801 974 1862 ommno
992 1800 1131 1872 Aeschyli

138 1891 329 1966 scholiastae,
348 1890 419 1964 quid
437 1889 649 1964 antiquioribus
669 1892 872 1950 Grammaticis
892 1891 1034 1966 debeant,
1059 1890 1130 1966 quid

41 2017 48 2024 -
137 1981 358 2056 recentioribus,
378 1983 429 2038 aut
448 1981 588 2056 consulto,
606 1983 641 2040 ut
659 1986 791 2060 apparet,
810 1985 863 2041 aut
874 1982 1037 2050 *memoriae
1048 1980 1129 2039 inem

136 2074 181 2130 riu
205 2071 397 2132 dissimulant.
441 2071 652 2146 Nihilominus,
683 2074 734 2145 qui
758 2077 819 2130 tam
843 2073 944 2132 sedulo
969 2071 1131 2153 monimum

127 2162 363 2234 'Aeschylearum
381 2163 551 2234 argumenta
575 2162 731 2237 enarravit,
750 2162 875 2220 eundem
894 2162 1008 2236 etipsa
1024 2165 1129 2238 poetae

136 2255 227 2316 uerba
244 2252 539 2312 accurata-tractasse
559 2253 646 2323 atque
666 2251 840 2325 explicuisse
863 2254 976 2330 ,cethim
995 2255 1056 2311 estc
1080 2268 1129 2310 eo·

136 2360 193 2418 (11ιθ
211 2343 307 2415 1³⁸8ss
316 2341 428 2415 ‚opinor
455 2357 514 2414 quo
539 2340 646 2406 certius
672 2344 733 2418 est,
762 2341 887 2403 eundem
910 2341 1159 2424 wascum·
1238 2349 1273 2366 -.

135 2436 360 2495 mmnentatnm
387 2432 420 2490 in
448 2430 574 2506 reiquos
603 2433 741 2504 Tragicos
770 2449 844 2491 esse.
864 2463 903 2476 —-
926 2432 1030 2506 Neque
1055 2431 1129 2490 adeo

135 2523 287 2598 Sophoclis
315 2523 491 2586 scholiastae
522 2523 702 2592 grammatici
732 2521 842 2578 iaciunt
865 2524 1050 2582 mentionem
1089 2523 1130 2584 At

135 2615 207 2691 quid
224 2631 323 2674 moror
339 2606 532 2673 scholiastasi
557 2612 608 2686 qui
626 2629 665 2670 ex
683 2613 816 2671 omnibus
835 2613 1041 2686 Aristophanis
1059 2627 1128 2686 ope.

134 2707 217 2771 ribus
235 2721 272 2762 ne
291 2721 382 2763 unum
400 2701 518 2790 quidem
535 2704 655 2776 proprio
674 2703 778 2761 obtutu
791 2705 958 2778 conspicere
970 2703 1127 2778 potuerint.

135 2798 305 2856 Athenaeus
329 2795 409 2870 xlv,
434 2792 509 2850 6196
540 2793 610 2852 citat
634 2794 840 2868 Aristophanis
860 2791 999 2866 Ἀττικάς
1022 2789 1129 2868 λέξεις,

134 2886 261 2963 quassi
280 2885 413 2958 exempla
433 2882 580 2959 sequimur
598 2884 635 2942 ab
655 2886 795 2946 Erotieno
820 2880 920 2965 (lexic.
940 2885 1078 2958 Hippocr.
1097 2898 1127 2958 p.

136 2972 219 3058 118),
240 2976 344 3034 Photio
364 2993 387 3034 s.
407 2973 658 3052 μάσγαλίσμάτα,
677 2977 832 3034 Eustathio
851 2993 880 3052 p.
895 2977 960 3053 877,
973 2976 1009 3043 51
1030 2975 1128 3052 aucta,
1183 3033 1189 3044 ,

134 3067 319 3144 potissimum
337 3065 498 3146 sententias
517 3080 661 3138 vocesque
673 3067 804 3138 Tragicis
819 3068 941 3127 usitatas
955 3065 1131 3140 explicuisse

135 3162 268 3234 apparet
316 3158 362 3214 Ita
391 3156 480 3216 etiam
504 3172 608 3216 vocum
631 3158 850 3216 Homericarnm
873 3158 988 3226 lerdcou
1012 3171 1128 3230 compo·

136 3251 196 3308 suit
214 3250 419 3322 praeterquam
443 3248 522 3320 quod
541 3248 762 3318 diligentissime
785 3249 889 3323 quavis
913 3249 1026 3306 ratione
1051 3261 1128 3304 come

137 3341 283 3398 mentatus
308 3336 341 3392 in
367 3339 495 3393 earmina
514 3339 567 3394 cst.
593 3334 632 3381 ‘-
657 3339 771 3395 Scholia
802 3339 927 3411 denique
957 3335 1127 3411 Euripides,

95 3463 104 3474 ,
137 3433 276 3510 quantam
303 3443 422 3502 operam
446 3429 479 3483 ut
502 3427 679 3498 Tragoedias
704 3429 862 3486 illustraret
897 3427 1010 3483 dederit
1034 3441 1128 3498 gram·

136 3521 270 3596 malicus,
288 3515 516 3586 luculentissime
536 3518 702 3576 ostendunt.
734 3517 830 3576 Schol.
851 3518 946 3574 Orest.
967 3517 1055 3574 1030:
1073 3511 1128 3587 γά-

136 3609 203 3692 γοτ]
223 3613 371 3690 γράφεται
383 3608 432 3667 κοά
452 3601 553 3683 δόμοι.
574 3603 650 3666 οὕτω
669 3604 728 3686 γάρ
740 3610 790 3666 καὶ
800 3606 1026 3684 Καλλίστρατός
1038 3617 1128 3682 φησιν
1208 3649 1213 3656 .

132 3699 336 3782 Ἀριστοφάνη
354 3697 489 3776 γράφειν.
509 3697 602 3754 Schol.
623 3699 672 3755 Or.
694 3699 782 3756 1274:
807 3690 1018 3778 ἐκκεκώφηται]
1038 3691 1127 3775 Ἀρι·
1205 3705 1213 3711 ·

137 3791 285 3870 στοφάοης
304 3786 337 3850 δὲ
355 3790 465 3870 γράφει
483 3782 704 3864 ἰκκεκάφιοκται
722 3785 803 3870 ξίφη.
836 3789 931 3845 Orest
957 3786 1029 3844 703:
1051 3781 1128 3864 Ἀρ-

138 3877 227 3960 γοος]
260 3877 296 3940 τὸ
320 3876 354 3958 δὲ
373 3877 502 3959 Ἀργους
526 3877 675 3956 γράφεται
698 3879 749 3935 uui
773 3873 900 3955 Ἄργου,
924 3873 957 3936 ld
978 3868 998 3952 ᾖ
1016 3872 1146 3952 Ἄργου·
