2776 4656
583 1245 738 1368 Caput
766 1253 973 1346 tertium.
1079 1187 1109 1214 ⁴?
1217 1217 1219 1224 ¹
1256 1185 1258 1192 v

726 1501 826 1512 ..n-„Q

353 1695 393 1752 Ut
405 1692 562 1751 secundam
573 1692 823 1769 interpretationis
834 1697 963 1752 Graecae
976 1697 1104 1752 aetatem
1124 1696 1165 1762 ab
1186 1671 1280 1755 Ariss

278 1787 459 1885 stophalte
482 1785 677 1882 Byzantio
696 1804 864 1882 inciperem,
884 1805 983 1879 plnres
1001 1821 1048 1861 me
1074 1822 1201 1870 caussae
1220 1827 1279 1869 mo-

279 1904 392 1957 verunt.
412 1932 451 1944 —
468 1901 596 1957 Primum
621 1902 689 1954 ante
714 1899 800 1968 hujus
814 1899 1015 1956 -Grammatici
1041 1902 1160 1973 tempus
1187 1901 1278 1958 critici

280 1991 481 2046 commentarii
510 1989 671 2062 specimina
701 1989 749 2044 vel
779 1989 905 2058 vestigia
933 1989 1072 2060 indagare
1098 2008 1162 2049 non
1185 1991 1276 2066 potui.
1363 1979 1364 1988 ¹

278 2079 394 2138 Deinde
420 2077 550 2147 ejusdem
575 2081 672 2135 aetate
697 2079 808 2135 illustre
833 2079 904 2134 illud
917 2080 1156 2150 Atheniensium
1180 2098 1276 2138 exem·
1363 2127 1364 2158 ,

279 2168 360 2242 plum
378 2167 539 2225 fabularum
564 2169 601 2225 ab
620 2169 745 2226 Athenis
764 2169 972 2226 Alexandriam
997 2171 1126 2228 delatum
1146 2175 1207 2247 esi,
1230 2169 1273 2226 id·
1363 2171 1364 2236 l

211 2319 214 2324 ,
279 2274 336 2332 que
355 2276 421 2316 cum
439 2259 503 2316 aliis
524 2260 663 2333 exemplis
682 2260 792 2333 primus
811 2261 1021 2333 Aristophanes
1047 2263 1179 2320 eontulit
1218 2263 1276 2318 De·
1363 2239 1364 2280 ³

278 2350 367 2430 nique
386 2351 465 2406 idem
484 2351 696 2430 Grammaticus
715 2351 826 2423 primus
846 2353 981 2406 accentus
1007 2351 1096 2420 signis
1123 2368 1195 2406 usus
1222 2352 1275 2405 est

278 2439 323 2496 Ne
343 2441 450 2494 lactum
468 2440 645 2509 negligentia
664 2457 729 2496 esse
748 2444 834 2516 puta,
855 2444 888 2496 ut
905 2440 1110 2513 Aristophanis
1135 2440 1277 2514 tempori·

228 2565 234 2574 -
278 2528 334 2584 bus
363 2529 492 2585 Atticum
520 2530 681 2586 fabularum
710 2531 889 2607 exemplum,
918 2529 997 2603 quod
1025 2531 1085 2608 sub¹
1108 2531 1285 2588 Ptolemaeo*

279 2617 425 2689 Euergeta
443 2635 511 2689 rege
522 2620 752 2680 Atheniensibus
771 2624 903 2694 ereptum
923 2623 977 2696 est,
997 2619 1207 2677 Alexandriam
1226 2637 1275 2677 ve·
1363 2613 1364 2628 ¹

278 2709 358 2766 nisse
384 2709 565 2787 contendam
604 2711 815 2784 Aristophanes
841 2711 935 2786 enim,
961 2726 1050 2783 quum
1073 2727 1128 2767 rex
1151 2711 1202 2768 ille
1229 2728 1275 2768 su·

278 2815 411 2873 premam
429 2799 517 2874 obiit,
544 2799 660 2856 circiter
679 2801 931 2874 quadragesimum
950 2801 1054 2856 aetatis
1079 2817 1189 2858 annum
1208 2799 1273 2874 age·
1363 2849 1364 2882 ,

278 2888 330 2944 bat
344 2882 420 2967 ¹⁶'):
447 2889 599 2958 sexaginta
618 2890 690 2946 duos
710 2894 761 2946 aut
785 2894 922 2964 quattuor
947 2907 1038 2946 annos
1063 2896 1149 2948 natus
1175 2893 1272 2964 regiae
1363 2885 1364 2888 ’

278 2976 471 3033 bibliothecae
491 2983 635 3056 praeerat,
655 2980 698 3036 iia
715 2984 748 3036 nt
761 2981 967 3038 Callimachum
985 2985 1037 3037 aut
1048 2984 1273 3040 Eratosthenem
1363 3013 1364 3060 ,

279 3070 330 3123 aut
359 3068 546 3140 Apollonium
576 3070 782 3127 nitidissimum
812 3071 883 3128 illud
914 3073 1113 3145 apographum
1144 3089 1271 3146 curasse,
1363 3079 1364 3120 ἐ

278 3158 466 3215 verisimilius
486 3162 573 3215 esset.
592 3161 731 3217 Attamen
742 3163 814 3234 ipsis
833 3147 1026 3218 bibliothecae
1045 3165 1201 3235 praelectis
1213 3177 1271 3219 non

277 3250 404 3306 tribuam
428 3249 712 3306 transcribendarum
735 3251 896 3309 fabularum
919 3252 1083 3321 negotium:
1108 3270 1162 3310 nee
1188 3251 1270 3326 quid·
1363 3303 1364 3312 ,

278 3353 381 3415 quam,
407 3340 559 3412 quominus
578 3342 626 3397 vel
644 3341 784 3412 ajuvene
811 3342 997 3412 grammatico
1016 3345 1177 3400 conlectum
1202 3357 1270 3418 apo-

277 3428 419 3502 graphum
438 3447 502 3486 esse
522 3431 696 3489 arbitremur
713 3431 843 3506 impedit
883 3432 995 3512 Quodsi
1012 3450 1045 3491 re
1063 3451 1134 3492 vera
1153 3435 1215 3491 sive
1234 3431 1269 3490 ab
1363 3471 1364 3486 r

275 3603 475 3616 ...ιιι-οι·-

339 3705 404 3784 ¹167)
422 3721 531 3782 Sequor
546 3717 723 3769 thschellum
739 3688 758 3770 l.
770 3719 789 3770 l.
801 3734 827 3782 p.
844 3722 877 3772 79
895 3735 952 3786 sqq.
970 3682 1028 3778 δίη·
1045 3724 1127 3774 etiarn
1144 3721 1266 3775 lianlrius

276 3797 296 3846 1.
313 3798 332 3847 1.
349 3811 376 3860 p.
394 3797 463 3852 GVl.
480 3802 538 3852 not.
556 3799 596 3850 92.
