2776 4656
677 342 885 412 *gg-

280 525 346 568 mus
364 515 403 566 ea‘
417 503 611 584 proposuerit,
632 510 711 568 certa
729 515 827 568 muron
839 521 893 585 pro
906 525 959 568 sua
971 505 1065 584 parte·
1074 523 1109 568 ea
1122 514 1274 570 tractasse.

279 601 409 659 Actiaci
427 597 640 674 quodammodo
659 601 748 659 etiam
766 597 933 660 imarcuot
948 603 1046 666 vocari
1065 607 1196 676 possunt

353 689 545 768 Nemilhes
571 689 799 790 oycicemts,
834 705 932 789 ῥήτωρ
957 703 1099 790 μαθητὴς
1126 707 1274 768 Φιλίσκου

279 803 443 881 Μιλησίου.
490 805 634 864 Philiscus
664 807 823 866 Isocratem
852 807 997 862 oratorem
1034 801 1162 880 audivit,
1201 818 1273 876 ergo

277 895 426 956 Neanthes
451 897 557 956 Duridi
587 896 683 954 Samio
712 899 773 954 iere
802 897 931 971 aequalis
946 895 955 930 ¹
962 889 1017 978 Η).
1057 895 1150 962 Quem
1178 895 1273 952 vitam

278 987 427 1061 Sophoclis
450 979 488 1044 'in
514 983 590 1044 libro
624 989 694 1066 napi
721 981 850 1056 ἐνδόξων
878 981 995 1063 ἀνδρῶν
1030 981 1214 1063 (Harpocrat.
1247 1003 1271 1042 s,

277 1073 422 1157 κραστός)
448 1078 638 1151 descripsisse
664 1078 750 1135 doc'et
774 1078 877 1151 opinor
901 1079 1071 1150 Anonymus
1090 1077 1122 1132 in
1140 1077 1199 1134 Vit.
1219 1077 1272 1134 So-

276 1168 388 1246 phocl,
408 1165 459 1242 qui
478 1167 609 1239 eiusdem
629 1168 665 1226 de
684 1171 777 1240 morte
797 1168 945 1243 Sophoclis
965 1167 1159 1224 narrationem
1178 1167 1271 1224 affert.

276 1261 431 1318 Praeterea
450 1277 467 1316 a
486 1256 575 1317 schol.
596 1261 665 1317 Eur.
686 1259 772 1318 Trod.
793 1260 830 1316 89
848 1249 914 1332 ipsa
937 1261 971 1314 nt
994 1255 1111 1316 videtur
1127 1258 1272 1316 Neanthis

274 1351 367 1406 rerba
386 1349 605 1424 adscribuntur,
631 1365 706 1423 quac
730 1349 806 1409 hene
831 1350 863 1406 in
881 1349 1088 1407 commentario
1105 1337 1201 1406 locum
1219 1349 1272 1406 ira-

275 1439 400 1496 buerint.
420 1469 459 1482 -

273 1535 276 1544 ’
350 1530 573 1606 Alexander
597 1530 773 1622 Aetolus,
811 1545 937 1605 Pleiadis
967 1547 1094 1618 tragicae
1123 1553 1211 1622 poeta
1239 1553 1270 1606 et

275 1643 477 1718 grannnatious
492 1639 570 1725 ¹⁸⁸),
598 1645 723 1701 maxime
749 1645 868 1718 propter
887 1641 1030 1698 scholium
1057 1639 1222 1699 Plautinum
1251 1661 1269 1700 a

273 1733 434 1792 Ilitsehelio
452 1731 604 1794 nobiscum
623 1736 865 1793 communicatum
875 1731 1068 1788 nominandus
1087 1733 1141 1789 est.
1162 1733 1268 1799 Quam-

274 1843 362 1899 quam
380 1825 473 1899 ipsius
494 1825 596 1884 scholii
614 1827 701 1883 fidem
719 1826 845 1882 illustres
865 1824 922 1880 viri
940 1821 1115 1900 infitiantur,
1140 1826 1268 1881 attamen

274 1916 416 1990 quidquid
434 1916 543 1986 cogitas
564 1916 600 1972 de
620 1915 682 1986 ejus
702 1917 835 1988 auctore,
861 1909 1035 1988 pleraquee
1053 1911 1181 1971 lontibus
1200 1929 1266 1972 eum

272 2005 452 2086 perantiquis
472 2004 620 2080 hausisse,
645 2021 694 2062 res
718 2006 829 2064 relatae
847 2019 901 2078 per
926 2017 958 2060 se
977 2004 1090 2060 docent.
1129 2003 1175 2062 Ab
1194 2005 1262 2061 Alc-

270 2095 382 2152 xandro
406 2093 496 2164 igitur
513 2094 701 2164 Tragicomm
726 2098 903 2154 Graecorum
927 2109 1017 2168 opera
1041 2093 1161 2154 collecta
1185 2099 1260 2153 sunt.

161 2207 165 2212 ·
270 2185 329 2244 Sed
347 2186 419 2260 quot
437 2177 556 2242 andem
571 2183 782 2256 Tragicoruml
819 2187 850 2244 Si
868 2185 987 2260 quidem
1010 2187 1204 2243 narrationem
1222 2186 1258 2242 de

265 2277 371 2334 'hande
388 2275 547 2334 Ptolemaei
565 2277 727 2348 Euergetas
747 2293 957 2354 comparamus,
976 2277 1064 2333 trium
1078 2266 1261 2349 potissimum

266 2368 451 2440 Tragoedias
474 2366 639 2440 principum
663 2368 778 2426 tabulas
795 2370 827 2425 in
846 2383 936 2430 unum
960 2367 1095 2424 selectas
1120 2367 1200 2424 etin
1219 2383 1265 2423 cr-

267 2459 369 2516 dincm
387 2457 519 2514 redactas
539 2466 615 2534 esse,
636 2458 792 2518 admodum
810 2459 968 2516 verisimile
986 2458 1026 2513 fit.
1053 2457 1135 2523 Quae
1148 2454 1266 2514 demum

206 2584 209 2594 ·
262 2549 404 2609 collectio
417 2563 506 2622 quum
517 2545 683 2606 Ptolemaeo
694 2563 755 2607 non
774 2549 926 2624 sufficeret,
946 2547 1023 2604 locta
1040 2545 1120 2602 treus
1139 2545 1189 2603 ilia
1207 2552 1263 2606 est.

265 2641 399 2698 Atticum
417 2639 579 2696 fabularum
598 2642 775 2714 exemplum
772 2641 819 2698 ab
831 2637 998 2698 Anxanum
1016 2637 1187 2710 usurpatum
1205 2654 1264 2695 nou

268 2747 344 2807 essa,
364 2731 565 2788 certissimum
605 2733 748 2806 Exempla
765 2728 856 2802 igitur
873 2721 1002 2804 praesto
1009 2727 1052 2787 illi
1071 2725 1169 2805 eraut,
1190 2741 1264 2806 qnae

269 2821 374 2895 quovis
402 2820 526 2879 modo
518 2838 549 2878 rn
550 2822 695 2896 terpolata
723 2823 811 2895 atque
839 2821 991 2894 inquinata
1018 2821 1155 2892 poterant
1188 2837 1262 2876 esse.

261 2913 369 2984 ‚Neque
388 2928 456 2970 curm
475 2912 593 2974 enneae
612 2912 775 2971 recensioni
794 2927 914 2986 operam
938 2907 1115 2982 impendisse
1134 2913 1263 2968 constat:

268 3002 378 3075 qnippe
397 3003 449 3075 qui
468 3003 549 3060 varia
568 3005 702 3077 exemplu
720 3002 849 3059 interae
869 3017 1036 3073 comparare
1061 2995 1108 3054 vel
1133 3003 1262 3058 conferre

264 3093 481 3166 conponant.
520 3096 597 3158 Num
617 3094 653 3152 de
679 3109 732 3152 suo
751 3091 914 3188 amessiam
937 3088 1150 3168 mutaverisque
1168 3090 1261 3148 nesci·

260 3393 264 3400 ·
332 3363 395 3430 ras)
409 3363 469 3416 liin
486 3365 567 3430 Diog.
584 3367 616 3416 [ι.
633 3369 655 3418 Ι.
673 3369 714 3429 89,
738 3366 829 3431 ruique
846 3362 1012 3428 mnodum.
1029 3365 1109 3416 Jous.
1127 3367 1158 3422 ii
1174 3366 1223 3417 Ph.
1239 3367 1261 3418 i.

266 3449 309 3500 18.
326 3443 409 3499 Voss.
426 3446 530 3500 sinor.
547 3451 594 3506 tir,
612 3449 693 3512 aiii,
714 3450 833 3500 chalon.
853 3447 934 3499 iuna
956 3449 1071 3498 lichen·
1083 3461 1110 3499 a.
1126 3447 1183 3506 144,
1216 3451 1259 3500 Ad

265 3534 380 3584 ecrndem
397 3531 494 3580 horum
511 3532 635 3597 respicit,
653 3534 705 3582 uisi
722 3532 815 3583 fallor.
834 3531 921 3587 Senot,
934 3530 1018 3585 Arist.
1033 3527 1258 3595 Lysianassa

332 3613 394 3678 ios)
411 3612 623 3676 Capellmaunus
650 3613 809 3678 (Alexandri
834 3613 1139 3694 Aetoiiiragn.1830
1164 3626 1190 3675 p.
1213 3612 1259 3677 1³)

172 3690 175 3697 '
265 3698 451 3750 Alexandrum
468 3697 557 3748 held.
574 3697 785 3749 mercurios
802 3698 831 3748 in
847 3687 926 3749 usn'rn
942 3697 1135 3760 discipulorum
1151 3697 1260 3758 publice

265 3779 383 3831 edidisse
400 3780 554 3857 contendit,
571 3781 758 3844 reprehensus
774 3780 983 3834 Schneidewino
1005 3781 1033 3832 in
1049 3777 1260 3832 minmornauni

265 3862 360 3918 nium
378 3875 404 3916 a.
422 3863 531 3928 walp.
548 3861 606 3916 448.
713 3887 715 3894 ·
