2792 4670
624 335 848 402 ·-1u'-

251 491 449 567 onericus,
473 491 507 550 m
523 491 691 554 didesceliis
707 499 821 556 tantum
839 513 928 560 unum
946 500 1104 564 alterumve
1126 503 1242 567 auum
1305 535 1312 540 ·

250 599 357 644 nomen
375 584 502 657 positum
520 585 620 662 inisse,
638 587 711 647 mihi
728 605 787 672 non
806 586 934 650 dubium.
953 622 992 636 -
1009 595 1105 669 Atque
1124 597 1242 656 omniun

251 675 883 758 enumerimutabilitute,nnnextricabim
908 698 966 756 quo
990 683 1119 744 viromm
1143 686 1242 750 docto.
1313 729 1316 734 -

249 783 315 824 rum
332 766 369 824 de
389 765 497 841 duplici
515 769 633 826 uariare
651 772 821 832 recensione
840 775 927 847 atque
940 773 1068 834 editione
1080 778 1242 839 sententiae

248 859 345 932 possis
363 859 484 917 firmare.
504 889 543 904 -
569 905 572 914 ,

323 950 364 1006 At
381 949 440 1022 ipsi
457 951 571 1009 veteres
591 949 747 1024 scriptores
760 946 806 1033 ⁸⁰)
825 953 938 1013 abans
956 960 1101 1018 correctas
1119 975 1184 1018 esse
1195 975 1242 1019 re·

248 1043 354 1100 lerunt.
378 1069 418 1084 --
440 1039 561 1100 Praeter
585 1041 811 1108 Quinctilianum
829 1037 885 1125 (X.
906 1046 933 1121 l,
953 1045 1007 1128 66)
1026 1048 1087 1105 scio
1111 1051 1243 1122 protecto

248 1131 406 1208 neminem,
423 1132 474 1205 qui
492 1131 530 1190 de
549 1134 697 1210 correctis,
717 1133 754 1192 de
772 1137 935 1198 retractetis
954 1139 1140 1213 'lhegicomm
1158 1141 1241 1200 taba-

247 1223 284 1282 lis
303 1223 440 1298 loquutus
460 1223 514 1300 rit3
534 1239 584 1282 eea
604 1224 811 1292 denuodoctas
824 1245 889 1289 esse
901 1229 999 1302 plures
1010 1235 1137 1290 narrant.
1156 1230 1241 1292 Unda

248 1333 302 1372 sus
332 1315 462 1372 hauserit
492 1315 704 1379 Quinctilianus
734 1320 851 1378 nescio:
878 1337 930 1380 cur
957 1323 1074 1384 omnino
1105 1322 1241 1384 acerbum

247 1405 319 1464 illud
333 1404 477 1474 iudicium
502 1403 605 1460 lecerit
628 1419 688 1460 non
711 1407 754 1464 ita
777 1409 862 1465 facile
887 1410 1028 1480 intelligo.
1067 1413 1145 1478 Quid
1163 1412 1241 1475 euim

247 1494 392 1566 Aeschylo
410 1509 475 1552 cum
494 1490 640 1552 orator-iai
678 1496 757 1554 Vitia
780 1497 845 1574 ille,
871 1514 945 1571 quae
969 1501 1117 1562 Romanus
1141 1519 1241 1576 repree

247 1586 358 1662 hendii,
370 1586 396 1644 si
410 1584 580 1655 corrigendo
590 1588 621 1642 et
632 1587 815 1647 retractando
826 1590 928 1647 tollere
941 1590 1240 1654 studuissenthueei

247 1679 364 1753 penitus
383 1678 597 1749 permutassent
615 1679 733 1751 poetam
750 1695 822 1754 prae
840 1680 963 1755 reliquis
976 1682 1129 1744 sublimem
1141 1700 1240 1742 aci-uo·

247 1787 316 1830 vum
333 1767 546 1847 reddidissent,
572 1769 679 1846 quique
702 1773 830 1842 genuino
854 1772 999 1845 Aeschylo
1023 1789 1143 1848 prorsus
1161 1778 1240 1832 esset

247 1861 408 1927 dissimilis.
446 1860 492 1916 Ite
515 1860 548 1918 in
571 1862 705 1918 omnibus
735 1862 840 1918 sabulis
865 1866 955 1932 poeta
977 1865 1137 1922 etiamnum
1160 1865 1240 1924 idam

247 1956 302 2014 cst.
341 1954 467 2010 Graecos
485 1963 555 2005 vero
575 1949 742 2022 scriptores,
763 1950 813 2020 qui
832 1952 948 2008 ciente
974 1954 1119 2010 communi
1145 1971 1238 2026 eoque

246 2044 318 2102 sutis
337 2040 457 2111 antiquo
479 2037 617 2118 videntur
641 2053 695 2095 sua
719 2037 873 2116 sumsisse,
899 2039 1096 2106 Quinctiliauo
1114 2058 1238 2115 proepo-

245 2148 318 2192 nere
334 2131 431 2189 nullus
449 2127 561 2186 dubito.
580 2160 619 2173 —
635 2127 676 2188 Ut
692 2127 819 2202 deniqne
837 2130 977 2202 Aeschyli
1000 2131 1121 2193 fabulae.
1139 2132 1238 2194 demta

245 2240 305 2282 una
323 2222 450 2282 altumve
469 2223 569 2297 parte,
594 2219 836 2296 quemadmodum
855 2223 982 2282 (thorum
1005 2222 1038 2282 in
1056 2223 1238 2298 angustiores

244 2317 317 2374 lines
336 2316 515 2376 contractum
533 2329 551 2371 a
568 2313 694 2384 posteris
712 2314 885 2389 cesenates,
905 2312 1115 2376 deuuodoctee
1128 2317 1238 2392 essent,

245 2410 377 2468 attamen
393 2419 453 2462 non
471 2403 509 2460 dc
527 2402 600 2474 ipsis
618 2401 717 2462 verbis
735 2389 874 2464 coriscus
898 2404 946 2463 vel
962 2405 1131 2464 retractetis
1149 2408 1238 2478 atque

245 2496 382 2570 expolitis
399 2493 547 2554 debebunt
564 2493 707 2564 cogitare:
725 2510 821 2568 neque
839 2494 958 2554 taudem
976 2513 1014 2558 ex
1031 2496 1165 2558 omnibus
1182 2496 1239 2556 hu·

119 2599 123 2606 ·
205 2638 207 2650 .
240 2587 371 2662 jusmodi
395 2585 572 2658 argumentis
595 2585 732 2656 Aeschyli
757 2583 869 2646 lebulus
893 2589 1006 2647 tentum
1030 2586 1238 2648 correctcaad

245 2683 376 2740 nostrum
393 2694 486 2751 usque
503 2679 630 2736 aetatem
648 2677 816 2749 pervenisse
835 2677 937 2737 elucet.
956 2709 996 2724 --
1012 2679 1074 2738 Nec
1093 2679 1239 2738 sufficiunt

245 2775 384 2848 veterum
402 2767 568 2841 testimonia
587 2767 624 2828 de
636 2767 861 2840 Sophocleumm
875 2769 1037 2832 fabularum
1048 2770 1236 2845 correctione,

246 2863 283 2920 de
302 2879 360 2935 qua
383 2860 456 2916 nihil
482 2859 590 2916 diserte
614 2856 801 2942 tradunt⁸¹).
841 2862 993 2922 correctae
1018 2860 1168 2935 Sophoclis
1194 2863 1237 2917 la·

244 2954 328 3012 bulas
347 2951 505 3008 etiamnum
529 2953 645 3007 exstare
668 2951 834 3023 nuperrime
859 2950 958 3008 docuit
976 2953 1008 3009 G.
1028 2952 1076 3009 Fr.
1096 2953 1237 3008 Herman-

244 3047 311 3121 u'us,
328 3044 441 3101 ratione
460 3041 568 3114 Oedipi
586 3041 707 3099 (tolonei
724 3041 826 3098 hahita
838 3035 893 3122 ⁸²).
930 3042 992 3100 Alii
1009 3042 1106 3114 ipsum
1125 3041 1237 3114 Sopho·

244 3137 319 3194 clem
336 3134 449 3196 fabulas
467 3149 535 3190 sues
548 3135 731 3207 retractasse,
750 3134 981 3206 retractataeqae
993 3133 1089 3190 denuo
1102 3132 1235 3190 docuisse

311 3377 354 3443 33)
371 3378 473 3426 Eorum
490 3359 644 3427 testimonia
661 3375 775 3438 collegit
792 3373 909 3426 Boeckh.
925 3374 946 3423 l.
962 3374 982 3424 l.
999 3387 1026 3437 p.
1037 3374 1071 3424 33
1081 3387 1141 3436 sqq.
1153 3386 1179 3435 p.
1192 3373 1237 3439 ac,

245 3477 272 3526 p.
288 3459 337 3514 tto
354 3472 414 3522 sqq.
1111 3497 1114 3504 .

310 3542 354 3607 ul)
371 3539 512 3592 Pertlueut
527 3542 580 3591 huc
596 3541 705 3590 Scholia
721 3541 748 3588 iu
766 3539 982 3602 Aristophanem,
998 3538 1185 3602 lexicographi
1202 3543 1234 3589 ut

246 3624 343 3678 sullies
359 3627 443 3689 atque
461 3636 495 3676 ex
512 3636 546 3674 eo
563 3622 695 3686 Eudocim
712 3621 769 3686 elii,
786 3636 812 3680 v,
829 3627 886 3672 not.
903 3623 944 3682 tt,
961 3620 1233 3678 clemeskerca,

310 3709 354 3772 33)
372 3709 485 3768 Quaest.
503 3705 649 3768 Oedipndd.
668 3703 700 3755 0.
716 3705 759 3761 Ill.
776 3703 852 3770 1837,
869 3719 896 3768 p.
912 3704 962 3753 la:
977 3705 1092 3772 „Longe
1108 3705 1233 3767 proiecto

246 3789 355 3861 lucillus
371 3791 441 3843 hauc
455 3789 639 3856 difficultatem
656 3786 695 3838 itu
712 3787 895 3853 expediemus,
912 3791 944 3836 ut
959 3799 1054 3838 omnes
1070 3787 1167 3852 locos„
1184 3784 1246 3863 qui,

246 3875 354 3926 leudem
366 3872 485 3940 aliquan
496 3873 647 3938 Tireharum
661 3870 810 3939 contiueut,
826 3883 844 3921 a
855 3864 968 3934 juniore
980 3871 1116 3934 Sophocle
1126 3868 1232 3935 additos
