2792 4670
538 1299 541 1306 '
574 1293 727 1412 Caput
749 1295 1021 1394 'secundus

750 1547 844 1559 —t-—s

374 1723 405 1782 Si
423 1722 494 1799 quid
511 1722 603 1798 priori
622 1724 718 1800 cupite
738 1725 820 1796 justu
837 1725 956 1786 brevius
980 1741 1015 1783 ac
1033 1725 1218 1784 festinantius
1236 1732 1308 1787 tra·

235 1810 239 1817 ’
302 1817 397 1893 ctavi,
423 1815 507 1873 facile
526 1832 545 1871 a
563 1815 623 1874 VV.
642 1817 707 1873 DD.
728 1818 815 1874 modo
839 1817 878 1874 ad
903 1817 1123 1894 disputationis,
1147 1833 1232 1890 qnam
1252 1820 1307 1876 in-

164 1917 168 1928 '
221 1905 223 1908 ’
301 1907 386 1988 ¹stitui
404 1907 491 1964 finem
509 1905 676 1986 respiciant,
696 1906 812 1962 veniam
831 1907 1001 1979 impetrabo.
1035 1909 1098 1982 Ope
1119 1907 1196 1962 enim
1214 1909 1304 1966 scho-

301 1999 452 2056 hastarum
471 1999 503 2054 in
526 1999 587 2052 tres
607 1994 745 2064 Tragicos
769 1995 900 2068 aliosque
926 1997 1083 2069 scriptores
1103 1998 1230 2053 Graecos
1251 2015 1305 2054 su-

301 2088 473 2163 perstitum,
508 2101 564 2159 ope
593 2084 864 2162 lexicographorum
893 2086 1127 2160 reliquorumque
1158 2090 1298 2160 quotquot

302 2179 359 2238 huc
377 2177 524 2250 pertinere
544 2175 649 2234 aeirem
667 2179 817 2234 auctorum
833 2179 1021 2255 Graecorum,
1041 2194 1130 2250 quum
1148 2177 1303 2235 historiam

302 2269 483 2328 Graecorum
497 2267 532 2323 in
551 2266 689 2336 Tragicos
708 2267 903 2340 Interpretunr
922 2269 1105 2322 conscribere
1129 2268 1161 2323 in
1185 2284 1232 2326 rue
1253 2281 1305 2322 su-

304 2360 463 2431 sciperem,
494 2357 609 2410 illorum
640 2370 712 2425 quos
740 2354 888 2408 nominavi
914 2354 1117 2410 auctoritatem
1140 2371 1187 2409 rue
1216 2355 1308 2429 sequi

301 2443 464 2517 oportebat.
503 2441 689 2513 Quapropter
706 2455 796 2512 quum
820 2439 990 2498 scholiastes
1016 2445 1147 2498 actorum
1170 2442 1307 2516 interpo-

303 2533 438 2608 lationes,
458 2527 649 2611 ἀντιγράφων
668 2529 878 2603 discrepantias
897 2545 985 2606 saepe
1004 2532 1135 2588 viderem
1153 2533 1307 2592 recordari

303 2627 394 2696 atque
414 2625 548 2698 enotare,
568 2622 655 2692 hujus
674 2620 858 2694 potissimum
875 2621 1018 2680 rationem
1036 2622 1126 2678 habui
1143 2622 1306 2696 interpola-

303 2715 418 2770 tionum
442 2711 575 2786 generis,
601 2711 679 2784 quod
703 2711 872 2785 plerumque
897 2713 1010 2769 tantum
1035 2711 1073 2768 ad
1098 2711 1210 2783 singula
1234 2729 1304 2770 ver-

302 2817 390 2859 suum
407 2802 499 2858 verba
516 2801 660 2877 pertinet,
685 2801 779 2858 rarius
804 2802 843 2859 ad
860 2803 989 2873 integros
1007 2801 1169 2859 tabularum
1184 2819 1301 2862 versus.

303 2889 464 2951 Rarissime
493 2895 592 2950 autern
622 2892 795 2950 scholiastae
829 2893 964 2966 antiquos
994 2893 1170 2966 interpretes
1201 2894 1302 2966 plures

304 2983 441 3056 deinceps
462 2998 562 3039 versus
582 2987 732 3056 suspectas
751 2983 889 3040 babuisse
906 2985 1044 3041 referunt.
1075 2985 1142 3041 Janr
1158 2983 1231 3040 mihi
1250 2985 1302 3057 qui

303 3088 537 3146 unumquemque
556 3075 740 3131 scholiastam
764 3090 854 3130 unum
877 3075 990 3130 tantum
1013 3073 1176 3130 tabularum
1201 3087 1300 3130 exem*

305 3166 401 3240 plum,
433 3165 546 3221 tantum
571 3179 662 3220 unum
687 3164 924 3220 commentarium
948 3177 1104 3237 usurpasse
1129 3173 1299 3239 persuasum

305 3255 444 3331 babeam,
469 3253 586 3310 ridetur
605 3253 760 3310 scholiasta
778 3269 817 3309 ex
835 3252 1032 3310 antecedentis
1056 3252 1231 3310 'scholiastae
1251 3270 1298 3309 co-

304 3331 362 3419 piis
381 3362 436 3418 pro
460 3343 580 3402 arbitrio
606 3344 786 3418 excerpsisse
804 3346 845 3399 ¹ut
869 3343 941 3402 haec
967 3344 1003 3401 de
1028 3343 1298 3419 interpolationibus

306 3433 526 3509 quibuscunque
558 3432 636 3491 dicta
666 3431 928 3509 praetermitteret,
960 3435 1010 3491 illa
1033 3435 1216 3509 nescioquo
1239 3435 1298 3491 lato

304 3525 520 3583 transcriberet
557 3525 642 3582 Unde
661 3540 749 3597 quam
766 3524 844 3580 nu‘de
863 3524 1019 3582 schohasta
1036 3525 1074 3581 ad
1093 3525 1180 3597 Soph.
1200 3524 1295 3595 Antig.

304 3634 333 3673 r.
348 3616 384 3673 45
396 3631 514 3672 narrare
527 3615 672 3687 potuerit:
691 3607 828 3690 Δίδυμος
847 3608 880 3672 δὲ
899 3616 989 3691 φησὶν
1007 3611 1066 3671 ὑπὸ
1086 3613 1147 3672 τῶν
1164 3613 1296 3688 ὑπομνη-

305 3705 458 3779 putrerula
482 3700 535 3763 τὸν
558 3700 625 3778 ἑξῆς
649 3707 750 3781 στίχον
780 3703 999 3763 subducicitur:
1029 3704 1114 3761 facile
1144 3703 1294 3774 intelligas.

307 3795 401 3860 Quam
418 3797 525 3854 mutae
544 3799 676 3853 veterum
701 3795 892 3870 interpretum
918 3793 954 3850 de
979 3792 1050 3849 locis
1075 3793 1236 3850 fabularum
1252 3793 1295 3849 in·
1366 3807 1367 3814 ¹

305 3886 455 3958 terpolatis
481 3887 642 3944 sententiae
667 3887 717 3944 illa
741 3886 853 3942 ratione
879 3883 1033 3966 perierint!
1052 3913 1091 3930 -
1109 3884 1194 3951 Quae
1211 3898 1295 3957 quum
