2776 4656
641 315 848 384 ..gg-

251 471 337 544 nlbus
348 505 351 512 ’
363 483 471 542 edidit:
502 485 573 562 crept
596 483 657 542 tais
676 480 844 561 Ἀθήνῃσιν
869 481 994 558 ἀγώνων
1019 482 1097 559 ptati.
1116 479 1151 551 ιζ’
1165 484 1246 563 ¹⁸⁸),·
1366 443 1367 494 ἶ

250 577 321 654 περὶ
338 571 448 653 ἑορτῶν
468 567 651 652 (Harpocrat.
672 591 695 631 s.
715 572 802 632 ἀλῶα
820 578 851 630 et
866 572 995 652 χύτροι).
1014 607 1052 618 -
1070 574 1166 632 Elium
1184 588 1247 630 me·

250 667 419 725 morabilior
436 668 521 744 iiber,
541 667 591 741 qni
604 665 762 739 inscriptus
780 663 849 720 urit:
864 663 1097 743 Ἑπηνράμματα
1113 662 1248 739 Ἀττικά,

250 757 328 815 inter
347 773 421 832 qnae
440 758 529 814 etlam
547 755 788 815 didascalicomm
805 759 1054 814 monumentorum
1078 754 1249 829 apographa

250 847 342 904 fuisse
365 848 462 920 nudus
486 848 596 904 dubito.
633 845 798 905 Philochori
828 845 906 902 enim
936 845 1114 919 temporibus
1144 859 1249 902 monn·
1367 881 1368 890 2

250 941 350 995 menta
367 939 418 995 illa
436 938 613 1012 superfuisse
631 951 691 993 non
709 939 770 1012 est,
796 936 874 1010 quod
892 949 1034 993 moneam.
1061 937 1159 994 *Ocrte
1176 951 1249 992 con·

251 1028 375 1085 suluisse
404 1043 471 1086 emn
499 1027 687 1102 didascalias,
722 1025 832 1101 aliquot
851 1025 999 1100 -exempla
1031 1041 1070 1084 ax
1097 1025 1250 1100 Euripidis

251 1118 407 1176 scholiasta
431 1122 526 1177 sumta
550 1119 626 1176 inira
651 1117 804 1176 docebunt.
821 1149 863 1162 —
879 1118 1034 1174 Praeterea
1056 1113 1249 1175 Philochorus

250 1223 325 1283 opus
350 1211 490 1288 confecit,
515 1207 708 1284 Asclepiadeo
732 1207 775 1265 illi
800 1208 990 1266 simillimum:
1015 1205 1095 1284 Περὶ
1111 1207 1172 1264 τῶν
1188 1205 1250 1264 Σι-

251 1299 394 1377 φοκλέους
411 1300 524 1375 μύθων
542 1300 620 1376 polit.
640 1302 662 1358 έ.
702 1299 787 1365 Quod
806 1299 924 1372 quidem
947 1314 1022 1371 opus
1047 1298 1084 1355 ab
1103 1297 1249 1372 interpre-

250 1390 333 1448 tibus'
348 1393 519 1464 usurpatum
537 1389 637 1464 fuisse,
657 1393 735 1445 certe
755 1389 865 1446 scholis
877 1389 1037 1461 Sophoclea
1054 1403 1114 1445 non
1129 1389 1250 1446 demon-

252 1481 353 1536 strant.
396 1481 438 1538 At
462 1480 559 1555 illum,
588 1493 674 1553 quem
698 1479 768 1556 rapt
791 1472 960 1554 Εὐριπίδου
984 1477 1102 1551 scripsit
1130 1479 1250 1557 librum,

187 1584 191 1593 ·
251 1567 425 1642 scholiastae
450 1570 566 1640 Tragici
592 1569 709 1642 saepius
733 1567 881 1646 laudante
895 1583 946 1644 ac,
971 1569 998 1624 si
1021 1567 1134 1642 reliqua
1151 1569 1250 1629 Philo·

252 1660 341 1717 chon'·
355 1660 465 1736 scripta
494 1659 768 1735 animadvertimus,
794 1673 861 1716 eum
885 1659 977 1716 vitam
1001 1662 1106 1732 poetae
1131 1662 1174 1717 ita
1198 1663 1250 1720 de·

252 1750 407 1824 scripsisse
427 1751 537 1828 elucet,
556 1753 590 1807 ut
608 1767 656 1807 res
672 1745 883 1826 χρονολογικὰς
901 1749 1085 1824 potissimum
1100 1753 1248 1810 tractaret

250 1841 326 1900 ltem
345 1833 382 1899 de
401 1842 507 1902 tabulis
527 1841 694 1914 Euripideis
711 1842 755 1896 ita
774 1841 951 1916 disputavit,
976 1844 1010 1897 ut
1029 1844 1059 1898 et
1077 1847 1248 1913 argumenta

249 1933 379 2004 mythice
399 1936 429 1990 et
448 1933 579 1989 actnmm
598 1931 760 1986 dramatum
778 1921 910 2003 tempora
922 1931 1107 2004 potissimum
1121 1933 1248 1992 illustra·
1371 1999 1372 2012 χ

166 2055 170 2062 ,
250 2025 305 2080 ret.
344 2023 392 2078 Ex
417 2015 593 2078 ἓπιλιτικῶν
615 2035 737 2077 numero
766 2020 890 2078 eundem
918 2020 1008 2080 tuisse
1038 2023 1127 2082 schol.
1146 2025 1246 2100 Enn‘p.

250 2109 340 2184 tllp'p.
365 2127 393 2168 v.
419 2111 456 2166 72
480 2125 540 2167 non
567 2110 728 2168 loculenter
757 2103 950 2170 demonstrat:
978 2113 1067 2172 immo
1094 2107 1246 2174 inlocum

250 2200 341 2258 istu'm
358 2201 485 2259 arbitror
502 2219 571 2260 eum
588 2204 744 2277 propterea
763 2206 987 2261 commentatum
1006 2199 1088 2282 esse,
1114 2206 1190 2282 qnod
1208 2206 1245 2264 de

249 2293 341 2351 rebus?
365 2294 455 2352 sacris
482 2294 576 2368 dequo
602 2293 722 2350 deornm
746 2294 825 2350 cultu
850 2309 946 2350 sermo
971 2293 1092 2352 deberet
1116 2308 1190 2353 esse.
1209 2324 1250 2345 ι-
1371 2287 1372 2316 ¹

251 2381 407 2457 Inscriptio
432 2386 526 2441 fateor
549 2383 644 2460 illius,
669 2383 748 2456 qnod
773 2384 809 2440 de
829 2384 970 2458 Sophocle
990 2382 1122 2458 scripsit,
1148 2387 1250 2458 operis

252 2485 320 2530 eum
339 2473 542 2560 chronologiae
561 2475 723 2532 fatuarum
742 2474 967 2548 Sophoclearum
992 2473 1129 2532 habuisse
1157 2475 1250 2534 ratio·

251 2579 330 2640 nam,
350 2580 410 2622 uon
427 2565 553 2628 indicat:
573 2569 703 2624 attamen
727 2565 874 2624 sufficiunt
893 2563 992 2622 scholi.
1011 2564 1199 2630 Eur.‚0rest.
1219 2584 1248 2625 v.
1372 2573 1373 2578 ’

252 2655 306 2711 361
328 2657 403 2714 etv.
425 2657 496 2732 760,
521 2661 555 2713 nt
573 2656 747 2713 didascalias
767 2673 850 2731 eum,
877 2656 980 2712 sinon
999 2655 1148 2726 collegisse
1168 2660 1249 2715 certe

251 2748 351 2802 tamen
370 2747 548 2803 consuluisse
569 2761 787 2820 saepenumero,
807 2745 997 2802 confidentius
1015 2746 1160 2820 possimus
1181 2763 1250 2804 con·

251 2835 382 2892 tendere.
402 2865 442 2884 -·
466 2835 552 2901 Quod
576 2837 633 2892 alia
657 2836 822 2893 Philocheri
846 2836 958 2908 scripta
981 2839 1015 2894 ut
1038 2836 1194 2896 Atthidum
1219 2841 1249 2894 et

253 2924 460 2998 Olympiadem
478 2926 546 2982 libri
565 2925 704 3001 saepius,
719 2925 744 2981 si
764 2925 882 2998 quidem
900 2926 1010 2984 scholia
1029 2942 1133 2998 graeca
1148 2929 1249 3003 'sequi-

252 3031 333 3091 nrur,
353 3016 389 3073 ab
409 3016 617 3091 interpretibus
643 3019 855 3092 memorantur,
881 3016 952 3071 illud
971 3019 1100 3090 prolecto
1125 3019 1247 3076 mireris.

253 3104 433 3172 Quibuscum
451 3107 477 3164 si
497 3123 664 3181 comparare
683 3107 748 3179 ipsa
767 3105 804 3164 de
823 3105 966 3182 Sophocle
985 3110 1016 3163 e't
1024 3107 1164 3184 Euripide
1178 3110 1248 3167 scri-

254 3349 376 3399 }leslodo
393 3351 561 3400 memoratur
577 3348 765 3415 Asclepiades,
781 3350 945 3412 anteaquam
962 3348 1129 3412 Pherecydis
1145 3350 1248 3400 mantio

253 3425 291 3490 flc,
308 3457 342 3467 -
361 3433 414 3482 sed
431 3435 460 3483 ct
476 3432 562 3494 ipsius
586 3431 627 3484 rol
654 3434 737 3495 atoue
763 3431 919 3495 argumenti
942 3441 1045 3483 natura
1070 3436 1099 3483 et
1124 3431 1248 3484 universi

255 3513 376 3564 condlllo
395 3513 524 3574 temporis
541 3515 696 3577 pedestrem
720 3513 872 3565 orationem
895 3527 974 3578 quam
997 3514 1113 3566 maxime
1136 3512 1248 3579 flagita·

254 3598 326 3648 baut.
344 3595 449 3648 contra
466 3595 490 3645 sl
507 3598 682 3660 Asclepiades
699 3597 865 3661 'l'rnglleusis
883 3610 908 3649 a.
927 3611 952 3663 g,
970 3599 1108 3660 Myrtoanl
1134 3596 1249 3648 vixisset

255 3679 433 3745 tenporibus,
450 3691 513 3729 eum
531 3679 651 3730 carusius
667 3679 805 3746 pepigisse
822 3681 983 3732 arbitrarer.

318 3757 382 3823 ita)
397 3765 617 3838 ,mr-gumerium
633 3775 651 3814 a
666 3761 758 3815 nullis
777 3767 834 3816 tum
850 3764 982 3828 tenporls
998 3763 1168 3818 brumban?
1185 3761 1247 3812 flle-

253 3841 321 3895 bells
337 3843 367 3894 lu
382 3843 537 3898 Philochorl
553 3847 634 3914 frgm.
653 3859 679 3912 p,
696 3847 721 3896 ⁷.
990 3855 993 3860 ·
1152 3857 1155 3864 ’
1200 3878 1204 3886 ι
