2776 4656
676 369 885 434 ..7ss-

288 531 368 616 lepis
387 531 594 604 ’Assinaros
640 533 689 592 Ad
712 550 800 608 quam
823 533 942 608 quidem
966 531 1129 592 Aristarchi
1153 533 1286 609 explica·

287 627 398 684 tionem
426 625 582 684 scholiasta
605 623 644 682 ad
668 625 713 682 El.
738 643 766 682 v.
792 627 820 682 6.
839 624 938 699 procul
959 623 1047 682 dubio
1066 623 1201 701 respicit,
1230 625 1287 684 uhi

287 717 367 776 vocis
398 715 587 786 Λακοκτόνος
618 707 714 773 vastas
744 699 829 774 66616
861 718 993 772 veterum
1028 716 1285 786 grammaticorum

286 808 542 882 interpretationes
572 809 605 863 ut
631 823 691 862 non
719 805 836 864 dubites
861 807 1006 876 integrum
1032 805 1173 862 scholium
1195 807 1246 864 vel
1264 824 1286 864 a

251 905 257 916 ¹
286 898 412 969 Didymo
432 914 496 956 esse
509 899 716 970 conscriptum.
733 898 866 964 -Quae
885 900 983 952 tamen
1002 895 1099 952 omnia
1117 895 1285 955 criticarutu

164 1043 169 1065 ,
286 987 449 1046 Aristarchi
474 1004 607 1044 curarum
631 990 762 1061 prolecto
786 1003 846 1043 non
870 989 937 1042 sunt
961 986 1130 1066 specimina.
1167 987 1209 1042 At
1229 1004 1284 1062 po·
1380 1031 1381 1042 ,

286 1079 424 1136 steriores
452 1078 568 1137 demum
592 1077 787 1153 grammatici,
820 1077 897 1150 quod
924 1078 986 1132 tam
1012 1092 1106 1149 pauca
1128 1077 1284 1136 nobiscum
1380 1135 1381 1180 ρ

285 1185 324 1226 ex
353 1169 516 1240 Aristarchi
546 1168 650 1228 studiis
681 1168 812 1240 Tragicis
840 1166 1093 1270 communicarint,
1123 1168 1282 1241 reprehen-

285 1257 584 1424 dendidddldstdenique
603 1349 816 1424 Harpocration
834 1349 872 1406 ad
890 1349 1061 1424 Euripidem
1079 1305 1193 1422 quoque
1212 1350 1280 1406 Ari·

285 1439 394 1495 starchi
427 1440 648 1496 commentarios
682 1441 816 1496 extitisse
851 1439 979 1496 ostendit
1014 1455 1037 1497 s.
1068 1434 1281 1499 διεκωδαῖκισετ

284 1526 302 1600 ἦ
308 1525 480 1632 μεταφορὰ
499 1525 566 1601 ἤτοι
585 1526 647 1586 ἀπὸ
666 1528 726 1588 τῶν
744 1527 980 1608 repercuterer
998 1525 1053 1588 ocis
1071 1525 1192 1589 κώδωσι
1210 1550 1279 1588 νυκ-

283 1614 344 1689 τὸς
353 1615 407 1688 τοὶς
426 1618 574 1720 φυλακάς,
598 1615 763 1699 Εὐριπίδης
780 1614 975 1724 Παλαμήδει,
1000 1616 1019 1691 ἦ
1043 1616 1102 1676 ἀπὸ
1123 1620 1183 1678 τῶν
1202 1615 1279 1700 δοκι·

173 1763 177 1771 ,
282 1703 489 1783 μαζόντοιν
455 1729 508 1779 τας
525 1707 711 1813 μαχίμους
693 1729 820 1790 ορταγας
838 1707 881 1786 τῷ
905 1705 967 1786 ἤχῳ
986 1709 1038 1781 τῆς
1061 1704 1213 1782 κώδωνος,
1238 1709 1280 1782 οἷς

278 1795 492 1878 Ἀρίσταρχος.
529 1801 574 1858 Ν6
596 1801 661 1875 quis
680 1801 880 1858 Aristarchum
899 1801 1055 1870 Tegeatam
1073 1804 1190 1876 poetam
1208 1803 1278 1860 lra-

283 1890 379 1962 gioum
397 1890 546 1964 laudatum
565 1908 629 1948 esse
648 1893 742 1966 putet,
761 1891 826 1966 ipsa
843 1893 924 1948 vetat
940 1891 1079 1964 loquendi
1097 1893 1182 1967 ratio,
1204 1907 1277 1964 quae

283 1980 412 2054 alioquin
442 1981 565 2036 alterum
602 1979 643 2050 ὠς
674 1982 742 2036 ante
773 1979 847 2059 Erip.
879 1976 1062 2056 Παλαμήδει
1091 1983 1275 2056 postulasset.
1376 2002 1379 2048 l

281 2070 367 2128 Nunc
390 2084 461 2125 vero
486 2072 537 2125 aut
561 2069 674 2126 uncinis
699 2070 875 2128 includenda
900 2071 991 2130 rerba
1010 2075 1093 2148 sunt,
1119 2076 1152 2128 ut
1170 2072 1277 2142 signiti-
1376 2091 1379 2103 ·

282 2161 350 2216 cent
367 2153 456 2216 unde'
471 2164 565 2218 sumta
588 2177 648 2218 vox
672 2154 868 2218 dlaawdolvcos
888 2163 942 2238 sit,
970 2165 1022 2218 aut
1039 2163 1172 2239 omnino,
1197 2161 1276 2234 quod

281 2250 384 2308 melius
404 2255 526 2325 apparet
544 2269 620 2328 esse,
641 2252 683 2330 sic
696 2252 880 2309 scribendum
893 2256 953 2310 cst:
973 2246 1183 2330 διικωδιύνισει
1201 2250 1276 2332 Erip.

280 2336 476 2417 Παλαμήδει·
494 2339 513 2412 ἡ
531 2339 700 2419 μεταφορὰ.
720 2346 751 2399 66
769 2359 843 2416 quae
863 2345 1033 2418 sequuntur.
1070 2343 1155 2409 Quod
1174 2359 1275 2417 super-

281 2435 342 2506 est,
375 2431 464 2486 sohol
490 2431 559 2488 Eur.
585 2431 693 2490 Phoen
720 2433 791 2509 126,
819 2434 877 2490 nisi
902 2433 1043 2491 adalind
1070 2433 1169 2490 nescio
1198 2431 1277 2507 quod

281 2520 469 2577 Grammatici
487 2538 560 2594 opus
579 2523 714 2599 respicit,
735 2523 825 2580 ctiam
842 2525 875 2582 in
893 2525 1097 2582 commentario
1116 2524 1275 2597 Euripideo

279 2611 375 2668 locum
393 2613 530 2670 habuisse
550 2614 701 2672 concedas.
740 2615 876 2672 Fortasse
902 2616 980 2672 enim
997 2614 1185 2688 Aristarchus
1209 2631 1274 2688 per-

279 2701 354 2759 bene
372 2703 527 2780 intellexit,
547 2708 691 2778 quatenus
705 2705 805 2763 critica
819 2706 1007 2776 Tragicorum
1025 2704 1140 2762 fabulae
1159 2705 1271 2776 indige·
1378 2693 1379 2706 ²

277 2795 358 2850 rent:
383 2793 528 2851 intellexit
552 2812 603 2851 eas
627 2795 812 2870 potissimum
837 2795 1004 2854 historicam
1028 2798 1116 2870 atque
1136 2795 1273 2851 aestheti·

278 2899 342 2940 cam
360 2884 507 2956 postulate
526 2885 737 2959 interpretandi
755 2885 907 2942 rationem.
947 2888 1044 2954 Quare
1062 2885 1200 2956 'lhagicos
1219 2886 1273 2942 cri·

169 2985 172 2998 ·
277 2972 337 3029 tico
356 2973 454 3030 studio
479 2991 568 3048 supra
592 2976 709 3033 modum
733 2992 793 3032 non
813 2977 970 3035 vexaverit
1008 2975 1203 3048 Nihilominus
1223 2991 1272 3034 cos
1377 2999 1378 3012 ι

276 3065 412 3138 pervarie
429 3065 542 3122 ratione
561 3067 770 3142 interpretatus
789 3070 843 3123 est.
859 3068 955 3124 -Ita
973 3068 1073 3124 metris
1093 3067 1272 3124 chorioorum
1371 3101 1378 3158 ι,

277 3157 467 3227 systematum
492 3158 701 3214 constituendis
726 3159 846 3215 multam
872 3158 953 3214 dedit
978 3174 1105 3231 operam
1144 3157 1270 3216 Scholia·

235 3285 238 3292 ·
277 3249 340 3302 stae
360 3247 477 3320 quidem
496 3247 684 3318 Tragioorum
702 3249 808 3305 iterum
826 3251 939 3305 tacent:
959 3252 1088 3306 attamen
1108 3264 1145 3304 ex
1156 3249 1270 3304 Aristo·

275 3335 407 3410 phenicis
427 3338 544 3396 scholiis
557 3340 614 3397 huc
625 3340 769 3414 quadrant
780 3340 883 3396 Scholl.
900 3339 972 3395 Ran,
993 3339 1059 3414 356,
1078 3327 1157 3395 374(
1172 3337 1269 3410 Equit.
1376 3327 1377 3356 ³

275 3425 340 3483 569.
365 3457 404 3468 -
428 3429 517 3486 Porro
548 3431 765 3502 grammaticum
797 3430 885 3485 etiam
914 3429 1089 3486 didascalica
1119 3428 1270 3504 scripsisse

275 3517 425 3576 contendit
448 3515 597 3576 Boekhius
622 3522 641 3579 l.
660 3505 696 3577 l.':
727 3521 815 3597 „Alia
841 3523 966 3594 possunt
991 3536 1030 3576 ex
1053 3517 1215 3575 Aristarchi
1240 3519 1270 3574 66

276 3607 401 3666 Cratetis
431 3607 613 3668 didascalicis
638 3612 800 3685 propagata
828 3627 892 3668 esse
906 3605 1001 3692 ¹⁸¹).“
1020 3641 1059 3652 -
1082 3607 1124 3666 At
1152 3607 1270 3664 disertis

275 3698 368 3756 tcteor
386 3700 563 3772 argumentis
583 3717 676 3759 careo.
720 3701 870 3775 Exemplis
895 3705 992 3762 autem
1015 3697 1178 3758 tabidarum
1195 3689 1269 3773 quae

274 3821 474 3838 Μ

341 3887 401 3954 rsr)
418 3890 480 3942 vu.
497 3891 666 3946 11616611.
683 3893 704 3944 1.
722 3907 746 3956 p,
765 3892 821 3943 rea.
