2776 4656
553 328 757 408 -ssttt'-

161 511 251 586 iiras.
290 508 337 566 lta
353 506 393 566 ad
412 507 460 580 Aj.
479 505 537 566 408
557 507 674 583 prol’ii
692 505 870 580 Didymique
889 503 941 564 illu
956 517 1047 564 suun*
1058 505 1151 580 ipsius

161 603 272 678 prolert
302 599 534 674 explicationem
560 599 762 674 *Plerumque
777 632 779 640 ,
792 596 914 668 Didymi
951 587 1153 654 auctoritatem

159 693 278 751 videtur
295 691 442 750 *oonsuho
463 691 652 773 neglexisses
676 689 796 764 ejusque
818 688 950 746 adAnt.
971 690 1006 765 4,
1025 688 1084 764 idq
1097 687 1152 746 ihi

159 799 221 842 non
244 780 320 842 holt·
337 783 525 842 mentionem
562 783 597 840 In
622 778 739 840 scholiis
763 779 891 838 metricis
915 778 1153 855 Hephaestionis,

162 875 304 951 quemad
321 875 370 948 Aj.
390 873 699 952 134,172‚201,·221.
719 872 881 945 Oed'l'yr.¹
892 871 955 930 151.
974 871 1073 942 Antig.
1088 871 1151 928 loo.

157 968 264 1028 drach.
283 967 338 1025 947
358 966 476 1043 laudat,
499 967 533 1021 et
547 967 584 1022 ut
601 961 718 1039 videtur
735 961 860 1035 Eugenii
885 953 1087 1021 auctoritatem
1105 978 1153 1021 co·

159 1060 212 1137 lit3
230 1059 282 1117 ubi
293 1053 363 1116 ‘sive
377 1055 488 1115 *cantici
507 1051 659 1126 cujusdam
678 1054 739 1111 sive
759 1043 938 1126 singulorum
955 1044 1153 1137 quoqucrvere

159 1164 247 1207 snum
270 1148 321 1204 dat
338 1145 575 1220 ,exquicationem
613 1141 742 1203 Plurima
764 1159 835 1202 vero
858 1145 940 1222 loca,¹
964 1145 1070 1219 quibus
1093 1147 1153 1204 θεὲ
1261 1177 1263 1181 -

160 1237 282 1296 metrins
300 1236 340 1294 ad
358 1253 403 1314 ea,
424 1252 498 1310 quae
517 1236 588 1293 ahbi
606 1237 644 1296 ab
663 1251 729 1294 sese
748 1235 915 1314 dictasint,
934 1237 1043 1310 respici
1056 1235 1152 1313 J'ubet,

161 1329 200 1388 ad
218 1328 343 1386 eundem
361 1329 466 1402 opinor
477 1328 725 1401 Hephaestionem
736 1327 899 1402 pertinent:
919 1327 1001 1399 cuius
1021 1327 1154 1386 doctrina

161 1420 297 1497 metrica,
321 1419 354 1476 in
372 1418 500 1476 editione
518 1418 839 1502 'lurnebiausscholiis
863 1419 1040 1494 praemissa,
1065 1417 1154 1476 etiam

161 1529 181 1569 a
198 1509 336 1591 'lhiclinio
354 1510 534 1584 autographo
552 1511 720 1584 praeposita
747 1512 801 1564 est
820 1541 859 1551 -
878 1508 956 1574 Quid
979 1507 1098 1565 tandem
1121 1509 1154 1564 in

160 1601 302 1677 Euripide
321 1601 491 1660 illustrando
509 1599 698 1676 praestiterit,
718 1601 797 1655 certe
818 1597 940 1656 codices
958 1600 1065 1656 tacent.
1096 1596 1153 1656 Sed

160 1693 219 1750 vid.
240 1709 338 1768 supra,
357 1707 432 1766 quae
451 1690 488 1748 de
507 1691 624 1748 scholiis
642 1689 770 1747 metricis
790 1688 861 1747 dixi.

198 1852 203 1862 Ι
235 1783 385 1841 Postremo
403 1773 623 1857 quaestionibus
642 1796 731 1855 supra
754 1779 930 1856 propositis:
956 1784 1029 1856 quot
1051 1781 1152 1852 Tragi-

163 1889 263 1934 corum
280 1873 393 1931 tabulas
418 1873 593 1931 scholiastae
617 1873 829 1949 pervolverint,
854 1875 927 1946 quot
949 1872 1040 1931 iidem
1062 1873 1153 1930 inter-

161 1967 278 2042 pretum
301 1964 522 2022 commentarios
550 1959 775 2040 usurpaverintl
805 1957 945 2039 quantum
973 1964 1036 2021 ficri
1059 1963 1154 2039 possit

162 2071 354 2131 responsurus
374 2071 446 2112 sum
465 2089 504 2100 —
521 2055 579 2112 Ubi
597 2054 635 2113 de
654 2055 817 2112 scholiastis
836 2055 996 2132 loquimur,
1016 2057 1153 2131 aetatem,

163 2163 239 2221 quae
257 2163 277 2204 a
291 2145 420 2217 Didymo
438 2145 582 2220 inceperit
600 2147 688 2220 atque
706 2145 744 2202 ab
763 2145 976 2219 antiquioribus
993 2146 1154 2218 lexicogra-

163 2237 231 2313 phis
248 2237 380 2314 liniatur,
400 2237 528 2310 cogitare
546 2252 601 2293 nos
625 2239 748 2311 oportet
786 2235 923 2296 Photium
946 2237 1023 2294 enim
1048 2240 1079 2293 et
1103 2237 1153 2312 qui

164 2344 232 2386 eum
250 2329 410 2404 sequuntur
427 2327 648 2402 lexicographos
672 2343 767 2403 neque
792 2328 877 2402 plura
901 2343 988 2403 quam
1012 2330 1085 2403 quot
1101 2328 1153 2386 ho-

164 2419 270 2496 dieque
287 2420 410 2492 leffi'mus
430 2418 570 2496 bamba,
588 2435 683 2495 neque
702 2420 800 2494 plures
814 2419 1035 2478 commentarios
1047 2434 1153 2493 cogno

164 2511 243 2570 visse
263 2513 386 2569 constat.
410 2541 450 2554 -
471 2509 633 2581 Didymum
656 2513 754 2568 autem
777 2527 877 2569 omnes
895 2513 1084 2583 'lhagicorum
1109 2513 1152 2568 la-

63 2656 69 2664 .
163 2602 247 2661 bulas
266 2617 424 2674 omnesque
442 2601 635 2674 interpretum
658 2602 879 2661 commentarios
903 2603 1082 2677 pervolvisse
1100 2618 1154 2677 per

163 2710 197 2750 se
215 2692 306 2765 patet.
344 2691 411 2748 Jam
428 2689 589 2750 tabularum
612 2693 696 2767 plura
720 2693 853 2769 exempla
876 2694 983 2751 scimus
1008 2693 1154 2768 descripta

163 2781 264 2838 luisse.
297 2781 552 2841 verumenimvero
574 2783 660 2858 plura
677 2783 808 2856 ejusdem
831 2785 1030 2843 commentarii
1055 2798 1154 2842 exem·

164 2871 215 2948 pla
232 2871 380 2948 descripta
398 2888 463 2930 esse
481 2887 578 2949 neque
603 2873 713 2934 mserta
737 2876 856 2934 tradunt
873 2875 1040 2934 testimonia
1056 2890 1153 2950 neque

163 2962 283 3022 omnino
306 2963 463 3020 verisimile
488 2966 542 3022 cst.
582 2967 839 3026 Grammaticorum
868 2969 967 3026 autem
990 2966 1098 3042 scripta
1122 2966 1155 3023 in

164 3070 271 3128 umgna
288 3055 464 3112 bibliotheca
481 3056 582 3129 procul
601 3056 690 3116 dubio
712 3058 849 3133 deposita
872 3058 1036 3117 exstabant.
1074 3057 1154 3129 Ergo

165 3145 311 3218 siveram
329 3149 391 3224 est,
414 3145 620 3206 bibliothecam
637 3149 864 3210 Alexandrinam
887 3165 992 3222 magno
1017 3148 1153 3214 incendio

165 3238 300 3294 exustam
328 3231 484 3320 esse²¹⁸)=
514 3254 573 3296 una
601 3257 667 3298 cum
693 3241 794 3299 Attico
828 3241 962 3316 exemplo
992 3237 1154 3298 tabularum

164 3327 255 3386 etiarn
272 3327 464 3402 interpretum
483 3329 681 3388 commentarii
698 3331 857 3406 perierunt.
894 3331 1039 3403 Didymus
1055 3333 1153 3388 autem

163 3417 224 3476 nisi
242 3420 310 3477 ante
328 3419 400 3478 illud
417 3421 532 3496 tempus
550 3421 672 3481 Romam
691 3439 723 3481 se
742 3424 911 3501 contulerit,
931 3439 1023 3499 eoque
1044 3423 1154 3498 scripta

164 3523 219 3566 sua
236 3507 434 3584 deportaverit
456 3512 569 3590 omnia,
593 3517 672 3572 certe
691 3514 750 3594 eis,
776 3515 845 3590 quia
862 3514 894 3572 in
911 3515 987 3572 vivis
1006 3515 1084 3592 erat,
1108 3513 1153 3571 bi·

164 3596 339 3660 bliothecam
356 3601 484 3662 nondum
502 3603 630 3664 donavit.
656 3605 840 3682 Quapropter
858 3622 985 3668 summus
998 3606 1047 3664 ille
1059 3619 1153 3678 gram-
1275 3680 1283 3694 ¹

162 3742 362 3758 ψ

230 3809 292 3876 tle)
310 3809 368 3862 cfr.
383 3812 520 3878 Parthey:
541 3813 689 3868 Alexandr.
710 3817 782 3868 blus.
805 3829 831 3880 p.
848 3815 880 3867 ul
898 3829 956 3882 sqq.
973 3813 1093 3880 lilippels
1109 3815 1151 3865 Al.

146 3890 235 3942 'blara
251 3905 278 3956 p.
295 3893 345 3946 186
361 3907 418 3960 sqq.
