2776 4656
647 357 854 420 ..44-

253 512 436 580 'Peculiorem
467 519 565 576 eutem
594 518 673 598 περλ
689 513 863 596 τραγῳδιῶν
890 515 996 574 librum
1026 519 1064 574 ab
1092 517 1251 575 Aristotele

259 611 399 685 scriptum
423 624 488 666 esse
514 612 546 665 et
564 625 669 669 census
688 610 861 683 scriptorum
880 606 958 681 apud
981 608 1143 680 Diogenem
1160 609 1250 665 Laer-

257 701 331 758 tium
356 700 457 776 dccet,
483 699 590 772 quiin
613 701 800 757 numerandis
825 698 962 773 operibus
990 699 1121 755 omiserit
1150 699 1250 772 potius

154 833 157 838 -
257 789 419 864 quaedam,
446 804 533 862 quam
561 791 598 847 de
626 807 680 848 suc
704 790 868 866 addiderit3
901 792 948 866 et,
975 789 1164 846 Aristotelem
1191 790 1252 846 isto

256 881 331 938 libro
356 874 569 936 Διδασκαλιῶν
592 897 667 954 opus
690 881 852 938 illustrasse
877 895 931 952 per
955 897 987 936 se
1011 879 1254 938 verisimillimum

256 974 310 1026 est
348 971 554 1028 Verumtamen
573 970 599 1026 si
618 970 654 1028 de
673 971 794 1042 integris
807 970 944 1044 operibus
956 971 1051 1026 nullus
1067 969 1192 1045 dubitas,
1212 969 1253 1026 de

254 1071 375 1118 numero
395 1059 573 1131 singulorum
590 1060 730 1118 librorum
748 1060 810 1118 sive
830 1060 957 1134 capitum
964 1060 1031 1130 jure
1043 1059 1159 1118 dubites
1176 1055 1250 1140 ¹¹⁰).
1285 1062 1289 1068 '

327 1152 406 1210 Num
431 1150 557 1224 denique
577 1152 748 1210 criticorum
771 1146 940 1210 Aristotelis
966 1149 1128 1236 studiptum
1156 1150 1252 1223 speci·

254 1243 334 1300 mine
351 1236 502 1316 repertast
539 1242 629 1320 Nam,
650 1244 697 1301 eui
714 1241 834 1316 quidem
852 1241 1013 1298 sententiae
1032 1241 1125 1312 magis
1143 1240 1251 1312 magis·

254 1349 312 1406 que
334 1334 438 1407 taven,
464 1331 491 1388 si
515 1332 579 1404 ipse
603 1334 778 1392 Aristoteles
803 1332 992 1406 apographon
1010 1332 1082 1390 illud
1100 1331 1251 1405 publicum

253 1421 339 1496 iecit,
365 1438 433 1478 eum
457 1422 589 1480 criticam
612 1423 760 1479 factitasse
784 1438 925 1496 perquam
954 1422 1104 1495 probabile
1132 1422 1251 1480 videtur

254 1528 319 1570 esse
332 1506 421 1592 ¹¹¹).'
448 1512 604 1569 Praeterea
626 1512 782 1571 laudantur
806 1513 868 1585 ejus
889 1511 1091 1589 Ἀπορήματα
1103 1509 1250 1590 Ἀρχιλό-

250 1621 322 1680 χου,
347 1596 531 1679 Εὐριπίδου,
555 1600 705 1681 Χοιρίλον
724 1598 755 1661 ἐν
773 1602 901 1679 βιβλίοις
922 1606 948 1678 7¹
968 1605 1054 1677 atque
1068 1597 1251 1678 Ἐξηγημένα
1365 1589 1366 1624 ¹

251 1688 328 1758 κατὰ
352 1693 434 1766 γένος
458 1685 559 1769 βασιλ
578 1690 650 1776 Ψ).
676 1725 715 1738 -
744 1695 883 1752 Attamen
916 1694 1084 1768 priusquam
1113 1693 1152 1749 ad
1182 1693 1251 1766 ipsa

251 1782 344 1842 rerba
371 1800 419 1840 ars
447 1783 548 1842 critica
579 1785 717 1860 accessit,
750 1786 911 1843 sententias
941 1786 1079 1843 obscuras
1108 1783 1249 1858 variaque

252 1873 366 1932 ratione
391 1873 596 1948 explicabiles,
620 1889 754 1946 quaeque
779 1876 950 1946 aenigmatis
974 1877 1068 1937 instar
1092 1875 1248 1932 solvendae

149 1975 154 1986 ·
251 1965 366 2038 essent,
394 1961 582 2019 Grammatici
607 1961 754 2032 explicare
786 1964 943 2021 studebant
970 1969 1058 2037 atque
1084 1967 1244 2022 enucleare.

251 2054 317 2118 Quo
342 2051 460 2123 quidem
479 2049 609 2106 solvendi
629 2050 726 2108 studio
745 2051 878 2126 inprimis
897 2054 1117 2112 Homericcmm
1137 2055 1245 2114 Carmi-

249 2157 321 2198 num
339 2140 515 2215 interpretes
534 2141 667 2198 floruisse
685 2145 789 2200 notum
806 2147 861 2201 est.
904 2148 1013 2204 Verum
1037 2147 1126 2204 etiam
1144 2146 1243 2225 Tragi-

250 2248 350 2290 ccrum
368 2231 543 2306 interpretes
563 2232 592 2288 ei
610 2233 799 2290 indulserunt.
832 2234 963 2291 Λντιιιολ
977 2237 1020 2293 ilii
1033 2240 1063 2292 et
1082 2231 1243 2297 ἐνοτατικοί

249 2339 345 2397 neque
369 2322 450 2394 ipsas
475 2320 628 2393 poetarum
653 2317 813 2378 sententias
838 2322 983 2380 facinoros
1006 2323 1131 2380 reddere
1149 2341 1245 2398 neque

249 2414 324 2471 adeo
343 2411 433 2467 verbs
451 2411 617 2481 permutare
635 2409 700 2464 cosi
726 2413 801 2466 sunt.
845 2411 943 2485 Atque
968 2412 1142 2474 Aristoteles
1166 2414 1245 2472 inter

249 2501 437 2571 'tragicorum
456 2498 631 2575 interpretes
650 2499 761 2574 primus
776 2497 979 2572 Ἐνστατιιιός,
1006 2502 1118 2576 primus
1143 2503 1244 2582 etiam,

248 2595 282 2649 ut
300 2590 418 2648 videtur
435 2587 578 2660 Λντιιιός.
597 2621 637 2636 —-
654 2591 701 2648 Ita
725 2608 762 2649 ne
785 2592 819 2650 in
838 2591 934 2667 opere
947 2593 1066 2666 quidem
1085 2588 1243 2669 Ἐξηγημέ-

247 2701 308 2742 νων
325 2681 516 2757 philcscphus
536 2681 668 2740 cddcam
686 2683 838 2748 factitavit
877 2683 980 2758 Neque
1000 2684 1090 2761 adeo,
1109 2687 1143 2742 ut
1162 2685 1244 2750 iabu-

246 2774 294 2832 lae
318 2772 508 2842 magicorum
532 2773 651 2830 criticae
675 2773 748 2830 artis
772 2774 837 2846 lege
861 2779 1099 2852 recenserentur,
1125 2777 1244 2835 omnino

247 2880 322 2938 opus
341 2865 412 2920 erat.
452 2861 510 2920 Sed
529 2863 566 2920 de
585 2862 660 2940 hisj
728 2880 816 2938 supra
836 2863 1055 2940 disputavimus.

257 2997 259 3002 .
320 2954 368 3012 Ex
386 2953 521 3012 omnibus
540 2953 587 3012 bis
606 2953 738 3031 seriptis,
764 2955 871 3029 quibus
889 2957 1064 3016 Aristoteles
1083 2960 1144 3015 tam
1162 2959 1244 3016 varis

245 3101 446 3116 ...μ-ι-ι--ι

271 3191 276 3196 “
310 3202 375 3262 120)
398 3199 645 3264 benegnissimo
670 3200 803 3254 librorum
828 3200 1078 3266 autquissimcrum
1103 3204 1241 3260 disserere

243 3285 441 3338 difficillimum:
463 3295 547 3347 quum
564 3282 679 3345 prinum
700 3280 806 3349 majore
828 3296 915 3347 opera
935 3286 963 3335 iu
985 3285 1071 3338 libros
1095 3288 1240 3340 distributa

243 3369 404 3433 pierumque
426 3378 443 3416 s
465 3365 665 3428 posterioribus
687 3367 877 3419 Grammaticis
900 3367 962 3427 sint,
1003 3369 1149 3440 Equidem,
1173 3385 1237 3423 num

244 3453 304 3515 ipse
320 3447 486 3500 Aristoteles
502 3446 607 3510 scripta
627 3461 680 3500 sus
699 3449 727 3499 in
747 3449 873 3515 singulos
889 3451 996 3503 libellos
1013 3451 1139 3515 capitsve
1165 3453 1235 3505 divi-

243 3532 330 3601 serit,
345 3543 389 3582 me
404 3528 513 3580 nescim
528 3530 650 3594 ingenue
666 3533 765 3590 fateor,
798 3535 867 3584 Utut
882 3545 978 3585 resse
993 3536 1084 3601 babet,
1101 3539 1150 3587 sut
1165 3536 1236 3588 iiber

245 3614 456 3667 ddmcsdsrum
465 3611 587 3665 muscis
598 3612 790 3679 magnitudinis
800 3615 862 3684 ruit,
879 3620 929 3669 aut
939 3617 1026 3668 tainus
1037 3620 1082 3668 est
1092 3615 1238 3683 Diogenes.

310 3705 376 3766 tat)
396 3705 449 3758 Dic
470 3702 616 3770 chrysost
638 3708 710 3758 oret.
731 3707 780 3757 tt:
800 3695 1024 3777 Ἀριστοτέλης,
1050 3697 1099 3779 ἀφ’
1127 3691 1164 3759 οὗ
1187 3697 1239 3774 τὴν

244 3781 372 3870 κριτικὴν
390 3789 666 3869 καλνγραμμιατικίν
684 3783 776 3869 ἀρχὴν
793 3787 895 3866 λαβεῖν
913 3787 974 3846 κτλ.

312 3877 375 3942 itt)
391 3877 531 3944 Diogenes
547 3883 579 3940 ia.
595 3881 638 3952 V,
655 3881 687 3934 tt
705 3883 734 3935 et
750 3883 886 3946 anonym.
903 3879 1032 3946 uenam.
