2792 4670
399 349 726 414 ,ηψ-

131 531 206 593 esse,
227 511 414 583 summoJ’ure
427 495 586 594 conjiceres
598 507 654 593 ·⁸).
694 510 761 586 Sed,
782 509 924 584 quidquid
936 509 1122 587 accipiemus,
1159 535 1172 580 ς

129 612 285 682 possumus
304 605 393 661 etiam
420 603 449 660 h.
469 603 488 660 l
510 589 656 676 duplicem
673 601 834 659 tabularum
855 600 1058 659 recensionem
1083 602 1121 660 ab

116 698 211 770 ,ipsis
223 694 318 768 poetis
342 694 503 768 proiectam
526 709 587 750 non
611 707 676 748 esse
703 691 909 748 demonstrare.
953 691 1071 748 Etenim
1095 693 1122 748 si

127 787 188 860 ipsi
212 787 316 860 poetae
339 785 452 841 tabulas
477 783 523 841 bis
541 783 589 840 vel
607 782 716 856 pluries
736 780 880 840 docendas
900 797 1015 855 semper
1032 782 1123 840 novis

129 873 335 934 additamentis
355 877 443 948 atque
460 872 732 948 interpolationibus
744 875 949 949 renovassent,
968 874 1124 945 appareret

128 967 232 1041 opinor
251 968 301 1024 aut
318 966 442 1040 primam
461 965 619 1023 editionem
638 980 656 1020 a
675 963 811 1038 secunda,
831 962 988 1020 secundam
1006 962 1123 1020 stertis

128 1073 194 1114 esse
219 1047 393 1115 exstinctam
418 1056 480 1112 sive
505 1057 593 1128 poeta
618 1057 738 1111 curante·
758 1053 819 1108 sire
840 1051 954 1109 delente
974 1056 1122 1127 tempors5

105 1150 178 1210 ,aut
197 1147 361 1220 Lycurgum
379 1162 434 1219 pro
453 1143 575 1201 arbitrio
593 1145 672 1200 illam
690 1143 871 1218 neglexisse,
897 1142 972 1200 hanc
995 1157 1066 1200 vero
1090 1141 1138 1198 in¹
1191 1204 1196 1212 ,

126 1239 276 1312 publicum
301 1237 429 1294 civitatis
455 1233 619 1306 exemplum
642 1233 805 1308 recepisse,
835 1235 887 1304 aut¹
909 1247 926 1288 e
950 1231 1040 1302 variis
1064 1231 1122 1295 illis

127 1327 307 1384 editionibus
327 1323 517 1397 compositam
529 1321 566 1380 ab
577 1338 612 1380 eo
623 1339 688 1379 esse
699 1323 874 1394 singularem
886 1336 1007 1396 eamque
1016 1337 1128 1388 novam,

97 1422 104 1435 “
128 1416 271 1492 rabulam,
302 1405 353 1471 a'ut
377 1408 502 1486 denique
521 1428 621 1469 onmes
641 1409 771 1484 ejusdem
795 1413 921 1470 nominis
946 1412 1122 1483 argumenti·

126 1521 184 1579 que
212 1503 324 1562 fabulas
355 1501 530 1574 conjunctim
557 1503 589 1558 in
612 1503 691 1560 idem
715 1503 842 1560 civitatis
867 1504 1032 1577 exemplum
1056 1519 1122 1560 csso

76 1605 81 1614 ’
124 1593 322 1668 transcriptas.
361 1592 511 1666 liquibus
530 1589 672 1672 ἀπορίαις
689 1599 832 1668 quaen'am
856 1594 929 1671 tibi,
954 1594 1005 1668 qui
1025 1592 1120 1668 dupli·

124 1702 173 1744 ces
193 1683 326 1742 defendis
344 1683 541 1757 recensiones,
560 1683 684 1756 probata
703 1681 779 1740 criti
815 1685 948 1742 Proiecto
959 1685 1037 1742 nulla
1057 1685 1124 1759 opi-'
1220 1700 1224 1712 ι

107 1767 180 1834 ‘nor
197 1774 256 1832 nisi
274 1790 311 1830 ea
330 1776 475 1846 servatam
493 1772 583 1829 luisse
602 1776 754 1846 utramque
772 1773 987 1852 recensionem,
1012 1778 1120 1831 utram-

124 1883 182 1940 que
201 1865 234 1922 in
252 1863 400 1937 publicum
419 1863 583 1937 exemplum
601 1867 757 1937 receptam
778 1862 837 1921 Sed
848 1879 968 1938 prorsus
986 1864 1148 1933 omnibus,

124 1965 258 2014 carelnus
277 1954 395 2011 disertis
413 1952 606 2012 testimoniis:
625 1971 659 2010 ac
679 1956 786 2011 tustra
798 1969 970 2030 quaeremus
981 1959 1120 2014 retracta·

123 2051 173 2104 tae
191 2043 359 2116 tragoediae
385 2043 546 2118 specimina
563 2045 611 2101 vel
628 2047 799 2116 fragmenta.
837 2049 922 2106 Nunc
946 2063 1017 2104 vero
1040 2046 1120 2104 nullo

123 2137 216 2194 verbo
235 2135 359 2209 dicitur,
385 2135 490 2190 collate
508 2149 575 2190 esse
588 2133 675 2202 jussu
691 2134 825 2206 'Lycurgi
850 2137 964 2208 singula
988 2137 1121 2210 exempla
1187 2117 1194 2132 ⁸

123 2228 151 2285 si
182 2241 258 2298 quae
287 2224 468 2298 privatorum
495 2224 624 2280 viromm
654 2223 787 2282 luissent.
835 2225 927 2282 lmmo
957 2225 1121 2297 Lycurgum

123 2315 303 2388 eumvs‘qui
326 2315 475 2388 publicum
499 2313 698 2388 apographum
722 2315 866 2372 curaverit
885 2317 998 2373 tantum
1023 2333 1120 2374 exem·

122 2409 188 2483 pla,
213 2421 288 2480 qnae
307 2406 345 2463 ab
364 2406 438 2480 ipsis
456 2405 552 2481 poetis
578 2405 639 2460 sive
665 2404 767 2462 saltem
791 2404 922 2480 ipsorum
946 2407 1119 2466 auctoritate

124 2499 255 2555 coniecta
282 2497 367 2573 sunt,
405 2512 425 2552 a
452 2497 538 2568 gente
566 2495 697 2572 illorum,
727 2511 822 2569 aqua
841 2497 1106 2602 servabantur,im
1106 2531 1118 2544 ·

122 2589 254 2663 petrasse
272 2601 445 2661 persuasum
463 2586 585 2643 habeo..
598 2586 710 2652 Quodsi
728 2589 807 2644 recte
827 2588 900 2654 baec
918 2588 1069 2658 conJ'ecero
1082 2587 1118 2646 de

120 2677 225 2736 critica
240 2677 411 2734 recensione
429 2675 559 2734 nondum
576 2679 674 2749 potest
693 2693 788 2736 sermo
808 2695 882 2736 esse.
920 2677 1119 2751 Apographon

121 2767 213 2838 igitur
231 2781 343 2822 summa
362 2782 419 2841 qua
436 2767 499 2824 fieri
518 2783 556 2842 po
557 2768 614 2824 tuit
631 2768 688 2824 fide
702 2771 865 2826 conlectum
878 2771 924 2827 est
934 2785 993 2826 una
1014 2769 1121 2843 opinor
1162 2829 1163 2836 γ

36 2891 37 2894 =
123 2873 189 2918 cum
207 2855 414 2917 additamentis
439 2857 496 2917 illis
521 2860 609 2933 atque
634 2859 908 2934 interpolationibus
933 2859 1117 2940 histrionum,

20 3107 24 3112 ’
120 3111 175 3170 rori
189 3109 340 3192 Ῥηγίνου)
351 3111 528 3174 τελεσθεῖσα
540 3109 574 3174 δὲ
584 3110 668 3196 παρὰ
680 3111 740 3175 τῶν
751 3115 1006 3195 Περιπατητικῶν,
1025 3115 1117 3198 Πρα-

122 3199 264 3280 ξιφάνους
284 3197 468 3278 (Bekkeruss
485 3201 673 3288 Ἐξιφιὶνοας)
694 3225 724 3266 τε
743 3208 794 3265 και
807 3205 1043 3286 Ἀριστοτέλους.
1067 3210 1118 3267 aot

123 3291 174 3364 τῆς
191 3289 248 3368 μὲν
271 3291 354 3362 τέλος
377 3290 413 3351 τὸ
432 3288 464 3352 εὖ
483 3293 708 3371 ἀναγινώσκειν,
732 3297 783 3371 τῆς
808 3291 900 3356 δὲ·ιό
921 3291 954 3356 εὖ
980 3295 1116 3376 γράφειν.
1211 3313 1213 3320 ·

121 3383 180 3435 cfr.
197 3385 225 3434 J.
242 3381 372 3435 classen:
395 3386 428 3434 de
439 3384 635 3450 gemmeticus
651 3401 772 3454 graecae
788 3389 942 3452 primordiis
959 3389 1036 3458 1829,
1053 3395 1080 3454 p.
1098 3391 1114 3441 ι

120 3466 202 3534 “i-,87
218 3465 251 3516 'll
269 3463 486 3538 aLWclolrerus
501 3469 788 3532 tumultualiter.
804 3471 826 3521 l.
844 3485 871 3534 p.
881 3471 931 3522 ιιι
942 3485 983 3536 eq.
1000 3475 1029 3523 et
1044 3483 1117 3536 quos

120 3547 215 3600 aurat
230 3550 349 3613 uterque
364 3553 477 3602 veteres
493 3552 659 3615 scriptores.
686 3554 754 3616 Quis
768 3551 941 3617 ilaxipiraues
958 3553 1055 3621 inerit,
1071 3553 1115 3604 lu-

120 3635 225 3700 degare
240 3647 296 3688 nou
313 3649 394 3700 queo
427 3638 571 3692 Wclclrerl
594 3641 761 3693 emendatio:
797 3629 961 3712 Θεαγένους
984 3651 1115 3705 perquam

120 3717 270 3781 probabile
287 3723 339 3771 est.

187 3800 233 3866 98)
249 3795 291 3855 lte
306 3803 433 3880 pluribus
450 3805 580 3874 exemplis
595 3803 764 3874 singularum
781 3807 934 3864 iebulurun
945 3807 1027 3864 attan
1038 3807 1114 3878 Gry

119 3881 177 3936 ιιι.
194 3883 334 3952 comati.
351 3887 370 3942 l.
387 3903 414 3954 p
431 3889 457 3942 7
527 3931 531 3940 .
