2776 4656
656 385 698 398 ...
738 351 782 415 qq
822 385 864 396 ....

268 515 597 578 aucmentacione.
623 514 884 575 PetrusVrctonus
903 516 1002 570 annm
1020 525 1100 570 inore
1116 509 1264 570 editorum
1333 545 1335 554 ι

138 639 142 642 -
203 655 206 661 ,
269 608 320 684 qui
338 623 473 680 eaquae
498 608 624 666 tracum
654 606 856 664 interemoto
874 605 988 678 optima
1009 619 1045 660 ac
1073 603 1264 676 praestantis·

270 699 345 764 simu
363 696 541 760 contundunt
560 712 637 774 esee,
656 697 776 758 scholiis
794 700 827 754 in
841 695 1017 766 Aeschylum
1030 711 1139 767 purnes
1151 695 1265 772 tribuit,
1304 692 1308 699 '

270 787 414 848 emundas
434 787 602 860 Sophocleis
621 788 706 864 illis‚.
723 788 890 864 sed1„quae
909 787 942 844 in
959 786 1014 844 Vll
1031 785 1180 858 Euripidis
1205 787 1267 842 ha·

270 878 390 952 goedias
410 879 620 936 declarationes
640 878 737 938 editae
756 879 815 936 sint
833 879 960 936 minores
985 877 1075 938 molto
1099 876 1267 934 interiores-

269 985 327 1044 que
347 959 582 1027 dochina'essffl
603 969 752 1027 existimat
771 965 885 1048 (Praei,
906 967 944 1024 ad
961 969 1097 1040 Aeschyh
1117 984 1143 1024 a.
1164 959 1266 1044 1557).

271 1059 350 1128 Quid
363 1059 450 1130 javat
470 1059 506 1117 de
525 1060 809 1132 preestunh'auutss
829 1059 1004 1136 scholiorum
1024 1057 1202 1116 collectionis
1221 1056 1267 1112 di-

271 1145 425 1224 sceptaret
443 1149 566 1209 lliniuro
585 1165 701 1225 quoque
720 1150 904 1223 antiquitatis
921 1151 1015 1208 husto
1034 1149 1155 1220 madeo.
1181 1149 1269 1206 Nunc

270 1257 341 1301 vero
359 1241 468 1315 primes
481 1239 659 1316 Euripideis,
680 1241 822 1301 secundas
835 1240 1013 1316 Sophocleis,
1024 1240 1138 1316 tertias,
1148 1238 1268 1298 inveiw

271 1332 393 1390 Victorii
430 1331 542 1406 ordine,
562 1330 732 1401 Aeschyleis
751 1332 857 1388 tribuo.
877 1359 916 1376 ·-

346 1415 404 1487 Qui
422 1422 532 1495 primus
551 1421 637 1478 unius
657 1422 819 1496 pluriumve
838 1401 1029 1504 interpretum
1040 1393 1269 1478 animadversio-

271 1529 325 1570 nes
345 1512 407 1569 sive
425 1511 666 1568 commentarios
666 1525 724 1567 una
744 1511 888 1568 cuiusuis
908 1511 1001 1584 ipsius
1030 1512 1268 1570 annotationibus
1380 1565 1384 1574 .

272 1602 311 1660 ad
329 1603 490 1674 marginem
508 1601 621 1658 fabulae
648 1600 798 1672 cujusdam
822 1601 1025 1676 descripserit,
1051 1619 1118 1659 eum
1142 1603 1278 1678 primum

272 1693 458 1751 scholiastum
469 1691 556 1748 liceat
568 1693 714 1766 appellare
728 1692 877 1762 tragicum.
898 1691 984 1759 Quod
1000 1694 1098 1749 tamen
1116 1709 1175 1766 quo
1194 1697 1269 1750 tem·

271 1802 343 1859 pore
361 1784 487 1857 primum
506 1785 613 1840 sactum
631 1783 670 1840 sit
690 1783 887 1839 demonstrare
906 1798 966 1838 non
984 1799 1153 1856 possumus:
1172 1783 1230 1840 nisi
1249 1799 1270 1840 a

271 1874 400 1946 Didymo
418 1873 457 1931 ad
476 1875 602 1930 aemtem
620 1879 712 1947 usque
731 1873 1000 1944 antiquissimorum
1020 1873 1159 1931 Codicum
1177 1875 1270 1932 inter·

272 1965 466 2040 pretationem
485 1961 700 2020 scholi'asticam
719 1961 852 2018 floruisse
878 1963 1015 2020 dicamus.
1055 1962 1177 2039 Antiqui
1195 1967 1270 2022 Tra-

272 2055 441 2125 goediamm
466 2055 643 2127 Graecarum
671 2051 792 2110 Codices
818 2053 963 2110 decimum
981 2071 1009 2128 p.
1031 2055 1097 2113 Chr.
1117 2072 1144 2110 n
1165 2071 1271 2112 saecu-

175 2164 176 2168 *
270 2131 334 2202 lum
352 2153 412 2201 nou
431 2147 578 2217 superant.
616 2143 701 2200 Prius
720 2143 809 2214 igitur
834 2151 920 2218 quam
939 2145 971 2201 in
991 2144 1146 2203 Codicibus
1166 2161 1272 2220 super-

273 2235 390 2292 stitibus
410 2234 556 2308 descripta
575 2233 684 2293 scholia
703 2230 821 2310 neunt,
835 2234 1007 2304 jamdudum
1019 2239 1154 2309 poterant
1166 2235 1271 2294 eadem

270 2323 365 2383 torma
389 2328 419 2382 et
443 2324 610 2381 conditione
639 2326 670 2381 iu
698 2325 909 2398 antiquioribus
938 2327 1077 2398 exemplis
1107 2326 1272 2402 perscripta

151 2453 157 2457 -
273 2431 356 2473 esse:
391 2413 633 2487 quemadmodum
666 2415 861 2471 recentiorum
897 2416 1036 2473 Codicum
1064 2416 1175 2475 scholia
1203 2430 1272 2474 cum

271 2507 402 2579 priorum
426 2505 484 2561 illis
508 2505 616 2580 partim
641 2505 744 2562 eadem
768 2505 874 2580 partim
894 2505 1039 2562 simillima
1058 2511 1149 2562 sunt²
1155 2501 1272 2586 ⁰³).-

232 2646 236 2657 .
272 2595 382 2652 lterum
400 2583 513 2671 tamen,
540 2595 655 2653 cuinam
679 2597 803 2669 tempori
828 2598 958 2653 nostram
984 2597 1159 2654 scholiorum
1182 2599 1270 2655 colle-

273 2686 400 2744 ctionem
419 2685 593 2762 debeamus,
618 2687 726 2742 frustra
744 2687 919 2760 quaerimus.
960 2688 1073 2744 Certe
1064 2704 1130 2761 ipsa
1149 2687 1269 2766 scholia,

185 2821 190 2832 .
273 2775 310 2834 ab
331 2776 492 2834 editoribus
518 2782 610 2834 semet
636 2777 806 2836 detruncata
830 2782 860 2834 et
885 2777 1040 2852 compilata
1064 2779 1156 2850 magis
1182 2795 1271 2852 quam
1341 2827 1346 2833 .

274 2871 390 2924 servata
409 2869 496 2940 atque
516 2867 689 2942 amplificata
707 2887 772 2926 esse
788 2869 906 2926 docent.

347 2957 480 3014 Restant
488 2959 672 3033 potissimum
692 2958 766 3016 duae
787 2961 972 3034 quaestiones
992 2975 1102 3034 eaeque
1115 2959 1200 3032 longe
1214 2961 1269 3019 dil·

184 3101 185 3104 ,
272 3045 430 3105 licillimac.
456 3049 564 3122 prima·
591 3052 661 3122 quot
685 3050 797 3107 labulas
817 3051 905 3106 trium
930 3049 1117 3128 Tragicorum
1136 3051 1270 3109 illustra-

271 3138 368 3194 verint
386 3139 433 3194 vel
458 3140 606 3212 potuerint
630 3139 774 3197 illustrare
799 3140 886 3215 primi
912 3138 1100 3199 scholiastae:
1126 3141 1269 3200 secundat

272 3233 344 3303 quot
355 3229 474 3286 tandem
487 3229 707 3287 commentarios
723 3229 868 3300 justorum
880 3230 1072 3302 interpretum
1082 3229 1172 3287 iidem
1185 3234 1269 3290 scho-

271 3318 375 3376 liastae
394 3317 620 3394 usurpaverintt
656 3322 785 3378 Primum
809 3319 920 3378 fabulas
944 3337 1005 3377 nou
1029 3335 1171 3378 unacum
1191 3307 1269 3380 com·

272 3411 421 3466 montariis
441 3411 564 3485 periisse
584 3416 695 3470 certum
714 3414 767 3468 est
798 3411 899 3485 ltaque
919 3411 1033 3468 fabulae
1054 3415 1268 3472 commentariis

272 3502 409 3574 poteraut
428 3517 497 3559 casu
516 3501 642 3579 privari,
668 3501 710 3560 ita
730 3501 927 3560 commentarii
955 3517 1108 3578 superesse
1133 3507 1269 3578 poteraut

271 3685 470 3697 -ι--ι--ι--ι

338 3787 398 3851 tol)
416 3788 473 3839 (llr⁴
491 3788 651 3842 schutcru:
669 3789 765 3857 lliulge
777 3793 984 3858 Bencrtungcu
1002 3791 1072 3848 oser
1089 3794 1140 3846 les
1156 3792 1265 3849 Gneo!-

271 3867 494 3948 Scholieuwesen
516 3871 543 3922 ln
561 3870 769 3926 nomnemannl
791 3875 879 3925 diraru.
896 3887 922 3926 a.
941 3873 1007 3925 issi
1024 3888 1051 3925 u.
1069 3875 1127 3936 14⁰,
1146 3891 1170 3940 p,
1188 3876 1263 3928 litt·
