2776 4656
550 269 960 386 ...ιε’--Λ

266 501 321 560 pro
340 480 461 541 arbitrio
481 495 556 554 quae
574 481 632 540 sibi
650 482 839 542 convenirent
857 481 1050 559 excerpsisse,
1070 487 1102 540 nt
1113 481 1161 540 hio
1173 482 1263 542 unius

267 578 388 650 poetae,
413 576 526 630 tantum
543 573 629 630 unius
648 574 763 631 fabulae
781 573 933 632 victoriam
958 576 1106 650 enotaret,
1130 568 1190 630 illic
1214 575 1263 632 vel

266 668 368 741 poetas
388 668 588 722 concertantes
608 667 798 738 enumeraret
823 665 920 737 Atque
939 664 1067 734 integras
1087 663 1263 722 didascalias

266 772 409 830 nusquam
427 755 543 812 videtur
562 755 766 829 descripsisse:
784 771 886 812 verum
904 753 1009 810 iisdem
1028 755 1149 812 ducibus
1162 771 1263 812 exem·

266 848 340 922 plis,
365 846 592 919 Aristophanem
611 845 764 903 historicas
783 861 831 902 res
856 845 987 901 consulte
1012 859 1140 917 unquam
1162 845 1263 915 negle-

266 938 346 994 xisse
364 951 455 1006 nego:
475 936 564 992 imm0
582 935 633 990 uhi
651 926 822 1005 argumenta
832 935 937 992 incerti
956 935 1114 992 etiamnum
1132 935 1262 994 auctoris

266 1026 303 1084 de
322 1029 469 1101 tempore,
495 1035 552 1099 quo
577 1027 643 1080 acta
660 1025 758 1082 fabula
776 1026 825 1099 sit,
846 1024 882 1080 de
902 1025 1055 1101 archonte,
1082 1025 1262 1098 devictoris

265 1118 438 1192 loquuntur,
464 1116 501 1172 iis
520 1115 726 1188 Aristophanis
746 1115 1059 1172 Granunaticinomen
1083 1115 1262 1174 confidenter

265 1209 475 1282 verissimeque
494 1207 599 1279 opinor
618 1205 810 1280 suprascribo.
841 1207 905 1271 Quo
924 1203 1072 1278 pertinent
1091 1209 1261 1276 argumenta

266 1297 305 1355 ad
316 1299 455 1368 Aeschyli
466 1297 581 1372 Persas,
601 1298 866 1372 Agamemnonem,
886 1297 1036 1370 Sophoclis
1048 1296 1220 1394 Oedipum
1203 1297 1260 1352 Re·

248 1403 331 1458 ¹gem
349 1382 418 1465 (διὰ
437 1388 466 1442 rt
484 1387 624 1463 τύραννος
642 1379 867 1462 ἐπιγέγραπται,
886 1386 963 1442 unde
983 1387 1069 1444 simul
1086 1357 1260 1444 Dicaearchi

264 1477 357 1551 copiis
377 1492 461 1545 usum
480 1493 546 1532 eum
565 1492 629 1531 esse
648 1469 821 1554 intelligas),
841 1475 986 1548 Oedipum
1004 1477 1171 1551 Coloneum,
1191 1477 1259 1534 Phi·

171 1599 174 1606 ·
264 1569 417 1642 ioctetam3
443 1566 592 1639 Euripidis
611 1565 755 1641 Rhesum,
781 1565 916 1623 Medeam
934 1559 1010 1644 (arg.
1030 1567 1053 1622 Ι.
1075 1566 1120 1622 ed.
1140 1561 1257 1647 Dind.),

263 1658 461 1733 Hippolytum,
480 1656 659 1713 Alcestidem
678 1649 740 1735 (ed.
760 1650 877 1758 Dind.),
896 1656 1145 1758 Andromacham,
1165 1658 1256 1714 Phoe·v

263 1749 375 1824 nissae,
409 1749 620 1804 Orestem-
648 1749 757 1804 Verum
789 1746 868 1802 enim
898 1762 969 1802 vero
999 1747 1043 1804 int
1044 1763 1129 1824 egra,
1161 1747 1256 1822 qualis

174 1853 176 1858 ’
262 1839 474 1921 Aristophanes
506 1837 711 1908 conscripserit
740 1836 897 1894 etiamnum
921 1836 980 1906 legi
1011 1841 1179 1906 argumenta
1203 1855 1255 1894 no-

261 1931 314 1988 lim
344 1929 528 1987 contendere.
566 1929 642 1985 Nam
668 1927 694 1982 si
724 1926 850 2002 aliquid,
883 1919 1025 1995 ejusmodi
1055 1931 1255 1998 argumentum

262 2036 281 2076 a
299 2017 509 2092 posterioribus
529 2015 731 2072 Grammaticis
750 2032 803 2088 pro
823 2015 944 2072 arbitrio
962 2019 1120 2094 receptum,
1140 2034 1254 2092 permn-

262 2111 365 2182 tatum,
386 2104 599 2182 amplificatum,
619 2108 808 2180 contractum,
828 2107 1065 2178 praetermissum
1084 2111 1136 2164 est
1155 2108 1252 2180 Atque

261 2198 435 2271 interpretes
454 2197 623 2276 posterioris
643 2197 781 2269 temporis
800 2197 943 2270 imprimis
955 2199 1158 2272 Aristophanis
1170 2215 1250 2256 usur·

153 2339 157 2350 .
260 2305 346 2363 passe
366 2288 475 2363 copias,
494 2287 615 2347 abunde.
628 2303 702 2360 quae
723 2301 811 2361 supra·
829 2289 913 2344 attuli
932 2288 1037 2346 docent
1056 2278 1196 2363 exempla.
1214 2291 1266 2334 -'

226 2391 229 2396 ’
334 2381 424 2436 Ροιιο
443 2395 481 2434 ex
498 2381 668 2448 argumento
693 2379 825 2451 Sophocl.
852 2379 987 2450 Antigou„
1009 2378 1161 2454 discimus,
1186 2378 1253 2438 Ari=

260 2469 434 2544 stephanem
452 2467 563 2524 ordinis
582 2483 640 2540 quo
658 2468 773 2525 fabulae
798 2469 829 2524 in
847 2471 946 2526 Attico
972 2469 1104 2542 exemplo
1128 2470 1253 2542 perseri-

174 2621 177 2626 ,
259 2562 327 2634 ptae
346 2555 469 2634 luerint,
496 2558 632 2615 habuisse
651 2559 801 2616 rationem.
840 2555 905 2616 Huc
929 2558 1006 2614 enim
1029 2560 1124 2616 resero
1150 2561 1252 2618 Gram-

258 2650 356 2710 matici
376 2651 480 2708 verba:
500 2649 631 2706 λέλεκται
650 2643 683 2706 δὲ
702 2645 736 2706 τὸ
757 2643 860 2726 δρᾶμα
880 2649 967 2706 τοῦτο
987 2645 1162 2732 τριάκοστον
1188 2645 1251 2708 δεύ-

258 2760 360 2819 seper:
390 2741 484 2796 refero
515 2740 604 2796 etiam
628 2741 746 2810 Argum.
773 2739 874 2812 Eurip.
900 2738 1057 2796 Alcestid:
1088 2735 1123 2797 τὸ
1149 2734 1251 2819 δρᾶμα

257 2827 390 2903 ἐποιήθη
411 2826 488 2898 ιξἰο
494 2826 585 2911 ⁹)Ar
586 2846 661 2900 gum.
682 2830 831 2902 Aristoph.
852 2829 908 2886 Αἰ.
923 2826 987 2886 ἔστι
1005 2823 1039 2886 δὲ
1057 2828 1105 2886 λε.
1125 2829 1187 2886 ln
1178 2831 1250 2904 rpsis

258 2923 335 2998 enim
364 2920 586 2977 didascaliarurn
616 2919 826 2993 monumentis,
863 2922 953 2992 quota
981 2922 1060 2976 esset
1092 2919 1179 2978 docta
1207 2923 1249 2977 ia-

256 2991 335 3088 bula,
355 3011 508 3068 memorari
526 3013 604 3080 nullo
624 3013 709 3087 pacto
727 3010 831 3084 potuit.
851 3010 893 3066 At
880 3009 1096 3086 tquibusnam,
1117 3025 1248 3087 quaeres,

321 3253 381 3316 169)
398 3253 529 3316 Apertum
555 3252 649 3304 vitium
667 3253 790 3305 Glumius
813 3250 860 3312 (de
877 3247 970 3312 nurip,
987 3251 1090 3302 Alcest.
1108 3265 1202 3304 comm.
1220 3237 1245 3314 ir.

255 3335 298 3400 11)
308 3340 376 3386 satis
386 3340 455 3388 hene
463 3341 587 3390 sanavit:
605 3339 717 3402 scripsit
727 3343 815 3391 enim:
833 3327 964 3404 ἐποιήθη
983 3331 1026 3390 ιε’.
1043 3365 1074 3376 -
1093 3341 1129 3390 At
1139 3340 1246 3390 frustra

254 3433 289 3470 cx
306 3414 440 3482 ejusmodi
456 3433 570 3472 numero
578 3455 588 3488 ,
610 3435 664 3484 qno
689 3425 813 3484 tempore
830 3425 892 3472 aeta
908 3423 1001 3474 iahrria
1017 3421 1103 3472 fuerit
1120 3421 1245 3496 colligas.

252 3504 327 3554 Aves
345 3502 387 3552 01.
405 3501 445 3559 tii,
462 3503 576 3552 idocta
593 3506 648 3553 est:
672 3507 754 3566 atque
777 3504 987 3568 Aristophanem·
1006 3503 1108 3555 scimus
1132 3517 1244 3554 comoe-

252 3583 312 3634 dias
327 3583 473 3646 scripsisse
488 3579 536 3652 pr
554 3596 668 3648 quarum
686 3579 711 3632 ow
727 3586 840 3647 spuriae
856 3583 968 3639 fuerint.
1002 3589 1097 3648 Quare
1114 3599 1244 3638 numerus

251 3657 305 3714 iste
321 3671 369 3717 ant
392 3665 486 3716 mirum
504 3670 633 3730 quantum
650 3669 818 3731 depravatus
842 3673 899 3730 est,
922 3671 971 3720 sut
995 3653 1116 3719 ordinem
1133 3669 1243 3719 fabula-

251 3758 326 3806 rum,
343 3760 396 3809 quo
413 3749 440 3798 iu
459 3749 549 3812 aliquo
567 3749 736 3812 exempio-
746 3751 839 3814 cogito
857 3753 890 3802 de
908 3752 1033 3812 exemplo
1050 3751 1243 3815 Lycurgos-

250 3827 420 3892 perscriptae
436 3831 542 3882 ιἰιιιιιιιι
557 3831 667 3882 iudicat.
