2776 4656
482 385 486 393 s

520 389 727 458 ..rs-s

149 587 158 596 ·
204 555 340 630 Denique
358 553 658 634 admetrauuoque,
671 555 788 630 ,quibus
812 557 864 614 usi
876 557 991 630 Tragici
1015 563 1124 637 essent,

131 647 336 728 grammaticus
361 646 489 705 animum
513 647 646 705 advertit.
690 647 753 704 lam
776 647 855 704 enim
877 664 955 705 nova
979 649 1125 708 scribendi

130 732 218 816 ratio,
237 741 271 795 ut
287 737 381 796 metra
399 739 576 796 accurretius
589 739 822 815 observarentur,
842 738 1022 812 postulabatr
1042 741 1125 798 simi-

130 831 247 903 lemque
271 829 483 888 Grammaticus
507 829 540 886 in
563 829 682 886 Pindari
700 830 875 889 carminibus
900 831 999 904 posuit
1018 847 1124 888 curam.

131 922 315 994 Quamquam
343 920 369 976 si
394 919 464 992 quid
488 919 582 996 aliud,
611 920 728 978 chorios
757 923 913 992 systemata
934 939 953 978 a
976 923 1126 978 Gramma-

51 1003 57 1018 *
130 1011 214 1088 tisis,
232 1012 302 1069 licet
319 1011 477 1084 permultos
497 1009 534 1067 de
552 1011 654 1085 metris
673 1011 825 1084 scripsisse
844 1014 973 1088 constet,
992 1013 1126 1084 neglecta

72 1145 75 1148 Ι
131 1104 200 1158 sunt
213 1106 256 1138 li}
276 1143 284 1158 ·
1115 1137 1121 1148 ,

207 1094 435 1249 θοάιιιιοιιιιιτίοε
450 1192 561 1258 autem
580 1191 783 1264 Aristophanis
813 1193 952 1269 Byzant,
984 1193 1126 1264 glossaria

130 1285 162 1339 et
181 1297 257 1354 quae
276 1281 314 1337 ad
325 1280 513 1350 'l'ragicomm
531 1281 802 1354 interpretationem
814 1283 1008 1355 pertinuerint
1026 1300 1126 1359 opere,

130 1374 273 1444 usurpata
300 1387 319 1426 a
347 1369 509 1428 scholiastis
535 1383 708 1442 essenego.
757 1373 897 1445 Pleraque
925 1374 988 1444 ejus
1018 1376 1126 1448 scripta

132 1460 268 1533 discipuli
296 1459 413 1517 demum
439 1459 548 1533 publici
571 1461 647 1530 iuris
676 1462 811 1519 videntur
826 1451 961 1540 iecisse,
992 1463 1127 1538 inprimis

95 1551 99 1562 '
132 1551 313 1608 Callistratus
331 1551 527 1610 Atheniensis.
539 1581 579 1596 -
594 1553 679 1608 Unde
697 1553 889 1619 Grammatici
905 1557 1126 1611 commentarios

128 1639 161 1698 in
172 1641 349 1712 Aeschylum
361 1658 393 1697 ec
404 1642 575 1713 Sophoclem
585 1644 733 1712 neglectos
746 1659 811 1700 esse
821 1643 962 1716 suspicari
973 1645 1079 1719 possis.
1089 1678 1128 1690 -

209 1730 455 1808 cumsimilis
472 1747 676 1821 Aristophanis
697 1750 916 1806 commentarios
931 1753 989 1808 nisi
1002 1753 1127 1810 ediderit

131 1849 212 1906 certe
241 1846 396 1917 diligenter
428 1845 587 1921 pervolvit,
626 1847 728 1917 atque
748 1845 786 1902 ad
819 1849 1017 1921 praeceptoris
1052 1850 1128 1923 cele·¹

130 1937 251 1994 berrimi
275 1936 418 2013 judicium
449 1951 534 1993 suum
562 1935 655 2009 ipsius
687 1932 998 2015 accommodavit¹⁷⁴).
1039 1940 1127 1996 Scho-

129 2027 217 2084 liasta
242 2026 320 2084 enim
343 2029 444 2104 Eurip.
471 2028 566 2084 Orest.
593 2027 667 2083 1030
696 2031 800 2086 refert:
833 2023 911 2086 ocimo
937 2031 987 2086 aui
1010 2027 1127 2087 Kotti-

131 2117 261 2197 στροτός
279 2132 370 2195 φησιν
383 2115 595 2197 Ἀριστοφάνη
614 2115 748 2194 γράφειν.
780 2119 911 2184 Quocum
930 2121 956 2176 si
976 2137 1126 2196 comparas

131 2209 221 2266 schol.
241 2209 357 2265 Homer.
377 2208 411 2264 11.
430 2229 463 2284 r,
489 2207 560 2264 327:
585 2209 635 2264 aci
648 2203 876 2287 Ἀριστοφάνης
894 2209 1057 2287 ccciccc
1075 2207 1128 2268 τὸν

131 2303 247 2376 στίχον,
268 2295 319 2370 ’ὥς
347 2313 422 2376 φησι
448 2296 690 2376 Καλλίστρατοςε
719 2301 749 2353 et
778 2317 806 2372 y.
834 2299 884 2356 18:
914 2297 1009 2369 οάτοις
1033 2303 1083 2357 και
1108 2299 1126 2372 ἡ

126 2387 372 2468 Ἀριστοφάνους
400 2390 450 2446 καῖ
478 2388 495 2460 ἦ
520 2387 762 2468 Καλλιστράτονζ·
792 2391 923 2463 profecto
948 2390 1127 2462 grammatici

130 2498 222 2556 opere
233 2497 287 2554 per
301 2481 496 2538 Callistratum
506 2481 679 2554 discipulum
689 2497 754 2536 oum
763 2481 970 2552 posieriorlbus
981 2498 1127 2552 gramma-

130 2571 197 2629 ticis
208 2573 417 2637 communicata
430 2587 494 2627 esse
508 2571 642 2640 colligas.
651 2571 856 2652 Verumtamen
868 2571 1047 2628 Callistratus
1060 2589 1127 2646 pro·

130 2663 210 2738 prios
230 2679 345 2736 quoque
363 2663 395 2718 in
406 2663 552 2732 Tragicos,
564 2661 784 2718 commentarios
797 2661 923 2734 scripsit.
960 2662 1005 2718 Ac
1018 2663 1128 2720 scholia

130 2753 249 2828 quidem
267 2753 425 2827 Euripides
449 2769 517 2810 eum
541 2752 811 2832 saepius-laudant,
837 2755 871 2807 ut
896 2752 990 2808 Orest.
1017 2753 1072 2808 304
1097 2755 1128 2810 ct
1215 2795 1219 2798 -

130 2844 203 2919 324,
235 2859 309 2917 quae
338 2844 472 2900 adscribo
500 2844 630 2919 integra,
663 2843 771 2917 quippe
802 2843 1019 2914 grammaticum
1046 2843 1129 2901 varia

130 2933 244 2993 ratione
262 2934 417 3004 'lhagicum
435 2935 625 2992 illustravisse
645 2935 812 2990 ostendunt
855 2935 948 3004 Igitur
967 2934 1055 2992 schol
1076 2936 1126 2993 Or.

131 3025 187 3082 424
205 3025 271 3100 ipsa
291 3025 449 3084 Callistrati
466 3024 557 3082 verba
575 3025 674 3081 affert:
699 3019 731 3081 ἒν
755 3018 789 3081 ds
813 3024 876 3094 τοῖς
900 3023 1127 3105 Καλλιστράτου

78 3129 81 3134 ’
130 3117 311 3194 γέγραπται·
330 3111 527 3190 ἐπιζητήσειεν
552 3112 589 3173 ἄν
606 3135 665 3186 τις,
690 3113 758 3183 πῶς
777 3107 828 3170 διά
847 3112 937 3193 τριῶν
955 3111 1075 3195 εἰρήκει,
1101 3113 1128 3176 si

130 3203 173 3283 μὴ
194 3200 298 3263 διὰτὸ
317 3201 369 3263 τὸν
380 3207 585 3283 Αγοιμέμνονα
603 3200 805 3264 κοιῑὈδνσσέοι
823 3206 873 3262 καῖ
884 3201 1022 3281 Διομήδη
1036 3207 1129 3283 φάναι

199 3331 263 3390 178)
281 3329 339 3380 cir.
356 3331 459 3380 itoccir.
476 3331 568 3382 Praei.
586 3332 620 3380 ad
638 3331 727 3381 schol.
745 3327 822 3378 Pind.
838 3343 865 3391 p.
882 3331 917 3380 Χ.
936 3331 964 3377 et
981 3343 1007 3391 p.
1024 3331 1128 3382 xxxi.

131 3405 259 3492 Alioquin
277 3411 345 3464 euim
364 3415 484 3462 carmina
502 3412 578 3464 chori
596 3425 651 3463 non
667 3411 835 3478 gravissimis
851 3423 920 3474 prae
937 3411 1051 3476 reliquis
1065 3417 1126 3466 tra·

132 3497 248 3562 goedlue
264 3497 389 3558 partibus
406 3495 509 3544 mendis
526 3497 675 3546 scaterent.

200 3577 262 3641 iri)
290 3575 415 3628 liunirius
441 3576 507 3626 Vlia
531 3575 667 3639 Aristoph.
695 3591 723 3640 p.
752 3575 816 3626 CV:
841 3579 1038 3644 „Quamquam
1056 3575 1127 3630 enim

134 3659 240 3724 suidas!
261 3659 390 3724 enarrat,
418 3657 627 3718 commentarios
657 3671 719 3711 eum
743 3658 839 3729 (Arist.
864 3659 947 3721 syc.)
975 3660 1127 3720 permultos
1221 3716 1230 3726 ,

134 3750 349 3813 conscripsisse:
377 3741 613 3817 ,σνγνράμματοι
632 3733 666 3796 δὲ
685 3737 777 3798 αὐτοῦ
802 3737 881 3796 πάνυ
900 3736 1015 3796 πολλά(
1036 3750 1127 3800 tamen

134 3832 213 3881 certa
235 3830 412 3894 reperiuntur
433 3830 529 3895 signa,
554 3829 710 3880 sententias
733 3826 795 3893 ejus
813 3830 884 3880 laud
901 3840 1004 3892 paucas
1021 3837 1076 3882 uon
1093 3843 1127 3882 ex

133 3912 221 3976 ipsius
237 3913 314 3966 libris
331 3913 380 3965 sed
398 3925 433 3966 ex
449 3909 647 3978 discipulorum
663 3912 769 3968 demum
785 3911 896 3974 scriptis
912 3909 1093 3966 mnemia&
