2792 4670
588 363 873 448 v--ro--

278 523 415 582 metionis
433 524 471 581 ab
490 524 563 598 ipsis
580 525 674 586 tribus
691 527 824 600 lhogicis
843 525 936 586 mitae
956 527 1112 602 specimine
1130 545 1273 604 percprum

279 616 385 686 exigua
404 618 487 692 sunt3
506 617 595 673 immo
614 617 720 676 Medea
738 623 870 695 excepta,
891 619 928 676 de
948 635 1005 692 qua
1024 625 1122 678 tamen
1140 623 1272 678 testimo·

277 706 327 762 nia
346 707 416 762 solis
436 707 611 778 conjecturis
629 708 771 786 nituntur,
790 714 901 767 certum
920 715 1121 781 argumentum
1139 714 1271 786 profecto

276 811 337 853 uon
366 798 503 870 reperies.
544 797 617 873 Sed,
648 800 698 870 qui
726 800 873 857 historicis
901 817 1050 858 careamus
1080 804 1268 878 argumentis,

277 903 347 944 num
364 888 497 942 omnibus
516 888 633 943 omnino
653 887 804 946 curemusi
832 891 923 947 Immo
941 893 1058 948 videtur
1074 896 1107 948 et
1124 893 1269 963 Aeschylo

277 981 308 1033 et
316 977 450 1050 Euripidi
460 977 568 1051 duplex
578 978 757 1051 quarundam
768 980 930 1037 fabularum
941 983 1074 1038 recensio
1085 983 1269 1039 concedende

276 1083 350 1124 esse.
388 1068 525 1140 Aeschyli
543 1065 711 1144 enim'eret,
726 1068 865 1138 juvenem
883 1074 977 1127 artem
995 1073 1073 1128 olore
1092 1067 1178 1146 atqu'e
1197 1073 1270 1130 edu·

276 1175 357 1217 care:
380 1158 445 1232 ipse
464 1159 582 1216 videbat
600 1161 731 1232 tempora
749 1161 851 1216 summi
870 1161 942 1217 artis
961 1163 1088 1234 tragicae
1113 1164 1212 1238 floris,¹
1234 1181 1270 1220 ac

272 1249 421 1320 juniorum
439 1250 613 1320 tragicorum
631 1250 750 1306 inventa
772 1267 840 1306 eum
859 1251 991 1325 accipere
1010 1255 1171 1328 oportebat
1210 1255 1269 1310 lta-

276 1355 333 1412 que
352 1341 403 1395 ubi
421 1356 526 1394 novam
545 1339 666 1409 alicujus
685 1341 799 1397 tabulae
820 1341 979 1400 editionem
996 1347 1126 1421 pararit,
1146 1361 1211 1402 eam
1229 1346 1269 1402 ed
1376 1413 1377 1420 χ

275 1430 415 1502 temporis
434 1432 558 1499 gustum·
574 1433 662 1502 atque
687 1429 725 1488 ad
748 1427 924 1490 novissimas
946 1435 1017 1490 artis
1040 1436 1170 1506 tragicae
1188 1437 1269 1506 leges

276 1520 492 1577 accommodare
520 1523 637 1577 coactus
666 1523 719 1577 cst.
759 1523 914 1596 Euripides
943 1541 1014 1580 voro
1040 1524 1067 1580 si
1089 1525 1164 1582 nihil
1188 1526 1268 1582 aliud

184 1609 190 1619 “
275 1612 379 1667 saltem
399 1611 579 1668 comicorum
598 1609 728 1668 convicia
746 1613 846 1684 fugere
865 1614 998 1672 debebat.
1026 1615 1154 1687 Uterque
1173 1618 1266 1671 artem

275 1717 359 1758 suam
372 1703 521 1776 perficere
535 1702 646 1760 studuit
670 1701 723 1758 sed
747 1703 864 1762 diversa
881 1707 1003 1763 ratione.
1042 1703 1202 1775 Aeschylus
1220 1705 1265 1760 in·

276 1794 376 1854 umarn
393 1793 567 1864 «tragoediae
592 1793 720 1867 speciem
748 1811 813 1853 cum
838 1797 998 1870 Sophoclea
1024 1796 1075 1854 illa
1102 1794 1264 1868 adaequare

274 1889 396 1942 conatus
415 1888 462 1941 est
474 1877 536 1960 ⁵⁷);
554 1885 712 1958 Euripides
730 1885 763 1942 in
779 1887 900 1957 siugulis
918 1889 979 1942 iere
998 1888 1132 1943 versibus
1143 1887 1264 1942 velvet·

267 1975 321 2031 'bis
339 1975 522 2033 inimicorum
536 1974 648 2044 judicio
667 1978 754 2048 atque
772 1977 894 2050 imperio
917 1976 1097 2047 obsequutus
1116 1978 1177 2030 est:
1208 1977 1265 2034 for-

274 2064 535 2135 mamtragoediae
554 2067 742 2140 pertinaciter
761 2068 895 2124 servavit.
915 2097 954 2112 -·
970 2067 1010 2124 Ut
1028 2067 1264 2138 essetutrumque
1304 2127 1309 2136 ¹

274 2156 385 2215 fabulas
415 2173 481 2214 suas
511 2173 564 2214 sua
591 2158 703 2215 ratione
733 2160 876 2231 corrigere
904 2158 1033 2232 potuisse
1062 2152 1273 2226 concedamus,'

273 2251 366 2305 restat
384 2252 482 2306 tamen
500 2249 670 2320 gravissima
689 2250 834 2323 quaestio,
860 2265 929 2304 num
948 2253 1064 2306 coactus
1083 2246 1264 2314 fuerituter·

273 2356 353 2415 ques
376 2340 487 2397 fabulas
513 2340 656 2408 quasdam·
676 2338 721 2391 bis
747 2337 794 2392 vel
817 2338 926 2410 pluries
951 2333 1077 2392 doceret
1121 2337 1266 2400 Quotnam

273 2430 390 2485 omnino
415 2427 528 2484 fabulae
548 2443 566 2481 a
585 2426 679 2481 tribus
703 2425 851 2494 tragediae
880 2425 1058 2500 principibus
1086 2421 1133 2478 bis
1163 2423 1265 2477 dociae
1297 2429 1300 2436 “

210 2521 212 2526 ’
274 2514 362 2576 sunti
399 2517 562 2588 Perexigua
585 2515 718 2590 exempla
742 2518 810 2570 sunt
838 2531 929 2592 eaque
957 2505 1135 2573 addubitata.
1172 2513 1265 2570 Immo

273 2741 335 2778 esse
353 2731 453 2777 actam.
486 2729 613 2777 Attamen
629 2725 653 2775 si
670 2723 754 2774 tuerit
772 2727 915 2791 correcta,
933 2736 988 2775 non
1006 2723 1038 2774 ah
1056 2722 1116 2786 ipso
1134 2719 1264 2784 Euripide

277 2811 365 2874 potuit
383 2814 509 2860 correcta
527 2820 597 2868 esse,
1104 2843 1106 2848 .

339 2893 385 2951 oi)
404 2891 461 2942 cn.
484 2891 629 2942 Welclreri
652 2893 778 2954 Aeschyl.
804 2891 904 2954 Trilog,
931 2904 955 2952 p,
981 2889 1031 2939 ull
1055 2902 1097 2952 sq.
1122 2895 1156 2926 ³-
1181 2887 1265 2944 Vitae

273 2975 447 3037 Aeschyleae
469 2978 568 3025 auctor
590 2975 621 3026 et
638 2977 734 3025 Pollux
751 2975 797 3032 lv,
815 2975 848 3024 15
870 2972 1047 3024 Eumenidum
1069 2971 1187 3022 (thorum
1208 2983 1265 3021 nou

275 3055 387 3108 stetisse
402 3062 526 3126 nument,
561 3058 684 3116 Quorum
703 3057 863 3108 testimoniis
886 3055 983 3106 aldius
1000 3055 1101 3104 suidas
1122 3053 1264 3104 narratio-

273 3139 355 3191 nibus
374 3139 414 3189 ltu
434 3140 711 3206 utimrltoectchtrrs,
737 3146 768 3190 ut
790 3139 951 3190 Errmeuides
974 3137 1036 3187 sivo
1062 3137 1196 3187 orestiam
1221 3135 1264 3189 tls

274 3223 380 3272 doctam
393 3235 455 3288 osse
467 3223 624 3286 contendat,
643 3236 755 3285 eamque
767 3221 879 3284 primum
897 3221 1038 3283 cecidisse,
1054 3221 1176 3270 swrrndo
1195 3231 1263 3268 vero

274 3304 377 3367 primas
400 3303 529 3356 retulisse
551 3305 727 3356 demonstret.
760 3304 925 3355 'testimonio
950 3303 999 3354 illa
1022 3313 1082 3354 cum
1105 3301 1263 3365 Boettigero

274 3385 446 3438 Welclrcrus
462 3387 765 3438 interammensem
783 3389 850 3438 'l'ril
867 3403 894 3452 p.
911 3385 968 3438 cto.
985 3387 1137 3436 Muellerus
1149 3385 1181 3435 iu
1195 3383 1262 3434 etit.

169 3459 174 3468 ’
273 3470 414 3532 ltnmenid
429 3470 539 3533 utrique
556 3471 664 3520 videtur
680 3469 817 3521 assentiri.
851 3471 882 3520 ln
898 3475 994 3521 nostra
1014 3470 1110 3519 ishuls
1130 3479 1264 3532 quaenam

274 3557 423 3617 supersunt
439 3553 541 3615 prioris
559 3553 684 3604 editionis
701 3547 819 3604 indicia?
852 3556 888 3604 Ut
904 3553 1102 3604 choreutarmu
1119 3561 1263 3604 numerum

275 3638 437 3688 deminutum
456 3649 519 3686 esse
535 3631 727 3708 profiteamur,
748 3636 807 3700 ipsa
824 3636 905 3688 Chori
927 3638 1035 3688 cantica
1056 3636 1164 3696 poetam
1185 3631 1261 3682 reci-

275 3718 347 3768 disse
365 3721 425 3771 rcrl
441 3731 496 3770 non
513 3725 557 3770 est
572 3720 666 3770 simile.
698 3719 820 3770 lietberte
836 3719 1008 3770 Welclrerus
1025 3717 1045 3767 l.
1062 3718 1081 3768 l.
1098 3717 1262 3778 Aeschylum

276 3799 358 3850 etium
374 3803 563 3866 s¹srrsplcione
580 3804 688 3868 uberat,
707 3804 784 3866 quasi
801 3805 916 3864 propter
932 3801 1034 3850 cladem
1046 3803 1185 3861 acceptum
1201 3796 1261 3846 ltu·

270 3884 552 3940 *sunum-uentrem
565 3889 694 3945 Athenas,
712 3888 761 3943 etr.
778 3885 912 3937 reuersas
925 3883 965 3936 ¹tle
974 3885 1073 3936 Aesch-
1086 3881 1151 3938 Vite
1165 3895 1193 3944 p«
1203 3877 1262 3931 trs-
