<?xml version="1.0" encoding="UTF-8"?>
<!DOCTYPE html PUBLIC "-//W3C//DTD XHTML 1.0 Transitional//EN"
    "http://www.w3.org/TR/xhtml1/DTD/xhtml1-transitional.dtd">
<html xmlns="http://www.w3.org/1999/xhtml" xml:lang="en" lang="en">
 <head>
  <title>
</title>
<meta http-equiv="Content-Type" content="text/html;charset=utf-8" />
  <meta name='ocr-system' content='tesseract 3.04.00' />
  <meta name='ocr-capabilities' content='ocr_page ocr_carea ocr_par ocr_line ocrx_word'/>
</head>
<body>
  <div class='ocr_page' id='page_1' title='image "./deaeschylisopho01richgoog_0059.png"; bbox 0 0 2776 4656; ppageno 0'>
   <div class='ocr_carea' id='block_1_1' title="bbox 565 381 883 448">
    <p class='ocr_par' dir='ltr' id='par_1_1' title="bbox 565 381 883 448">
     <span class='ocr_line' id='line_1_1' title="bbox 565 381 883 448; baseline -0.006 -8"><span class='ocrx_word' id='word_1_1' title='bbox 565 381 883 448; x_wconf 51' lang='grc' dir='ltr'><strong>,ηε-</strong></span> 
     </span>
    </p>
   </div>
   <div class='ocr_carea' id='block_1_2' title="bbox 160 540 1361 2331">
    <p class='ocr_par' dir='ltr' id='par_1_2' title="bbox 281 540 1276 622">
     <span class='ocr_line' id='line_1_2' title="bbox 281 540 1276 622; baseline 0.006 -21"><span class='ocrx_word' id='word_1_2' title='bbox 281 540 662 620; x_wconf 55' lang='lat' dir='ltr'><strong>miscellaneorum,</strong></span> <span class='ocrx_word' id='word_1_3' title='bbox 682 547 754 618; x_wconf 88' lang='lat' dir='ltr'><strong>puto</strong></span> <span class='ocrx_word' id='word_1_4' title='bbox 773 543 861 603; x_wconf 86' lang='lat' dir='ltr'><strong>etiam</strong></span> <span class='ocrx_word' id='word_1_5' title='bbox 879 544 1017 617; x_wconf 77' lang='lat' dir='ltr'>Aeschyli</span> <span class='ocrx_word' id='word_1_6' title='bbox 1036 545 1160 622; x_wconf 75' lang='lat' dir='ltr'><strong>scripsit.</strong></span> <span class='ocrx_word' id='word_1_7' title='bbox 1198 548 1276 607; x_wconf 85' lang='lat' dir='ltr'><strong>Nam</strong></span> 
     </span>
    </p>

    <p class='ocr_par' dir='ltr' id='par_1_3' title="bbox 160 633 1361 2064">
     <span class='ocr_line' id='line_1_3' title="bbox 160 633 1276 710; baseline 0.01 -24"><span class='ocrx_word' id='word_1_8' title='bbox 160 681 163 686; x_wconf 92' lang='lat'>.</span> <span class='ocrx_word' id='word_1_9' title='bbox 282 634 361 708; x_wconf 86' lang='lat' dir='ltr'><strong>quod</strong></span> <span class='ocrx_word' id='word_1_10' title='bbox 384 633 546 706; x_wconf 77' lang='lat' dir='ltr'><strong>Aeschylus</strong></span> <span class='ocrx_word' id='word_1_11' title='bbox 571 651 590 692; x_wconf 89' lang='lat' dir='ltr'><strong>a</strong></span> <span class='ocrx_word' id='word_1_12' title='bbox 614 636 703 694; x_wconf 83' lang='lat' dir='ltr'><strong>Sexto</strong></span> <span class='ocrx_word' id='word_1_13' title='bbox 727 651 787 695; x_wconf 91' lang='lat' dir='ltr'><strong>non</strong></span> <span class='ocrx_word' id='word_1_14' title='bbox 811 637 987 694; x_wconf 86' lang='lat' dir='ltr'><strong>memoratur</strong></span> <span class='ocrx_word' id='word_1_15' title='bbox 1010 639 1140 710; x_wconf 83' lang='lat' dir='ltr'><strong>proiecto</strong></span> <span class='ocrx_word' id='word_1_16' title='bbox 1159 639 1276 696; x_wconf 61' lang='lat' dir='ltr'><strong>vrnrllins</strong></span> 
     </span>
     <span class='ocr_line' id='line_1_4' title="bbox 281 725 1278 809; baseline 0.004 -27"><span class='ocrx_word' id='word_1_17' title='bbox 281 725 423 785; x_wconf 88' lang='lat' dir='ltr'><strong>momenti</strong></span> <span class='ocrx_word' id='word_1_18' title='bbox 441 727 496 783; x_wconf 85' lang='lat' dir='ltr'><strong>est.</strong></span> <span class='ocrx_word' id='word_1_19' title='bbox 523 727 628 784; x_wconf 82' lang='lat' dir='ltr'><strong>Gravis</strong></span> <span class='ocrx_word' id='word_1_20' title='bbox 647 727 697 784; x_wconf 90' lang='lat' dir='ltr'><strong>illa</strong></span> <span class='ocrx_word' id='word_1_21' title='bbox 715 730 803 800; x_wconf 79' lang='lat' dir='ltr'><strong>poeta</strong></span> <span class='ocrx_word' id='word_1_22' title='bbox 821 729 988 809; x_wconf 73' lang='grc' dir='ltr'><strong><em>περνπετείςε</em></strong></span> <span class='ocrx_word' id='word_1_23' title='bbox 1005 727 1153 786; x_wconf 85' lang='lat' dir='ltr'><strong>rarissime</strong></span> <span class='ocrx_word' id='word_1_24' title='bbox 1172 732 1205 785; x_wconf 89' lang='lat' dir='ltr'><strong>et</strong></span> <span class='ocrx_word' id='word_1_25' title='bbox 1222 745 1278 802; x_wconf 88' lang='lat' dir='ltr'><strong>per</strong></span> 
     </span>
     <span class='ocr_line' id='line_1_5' title="bbox 280 815 1277 880; baseline 0.002 -6"><span class='ocrx_word' id='word_1_26' title='bbox 280 817 398 880; x_wconf 83' lang='lat' dir='ltr'><strong>ultimos</strong></span> <span class='ocrx_word' id='word_1_27' title='bbox 417 817 530 874; x_wconf 91' lang='lat' dir='ltr'><strong>tautum</strong></span> <span class='ocrx_word' id='word_1_28' title='bbox 546 817 626 874; x_wconf 81' lang='lat' dir='ltr'><strong>vitae</strong></span> <span class='ocrx_word' id='word_1_29' title='bbox 645 833 736 875; x_wconf 91' lang='lat' dir='ltr'><strong>annos</strong></span> <span class='ocrx_word' id='word_1_30' title='bbox 755 833 825 874; x_wconf 87' lang='lat' dir='ltr'><strong>usus</strong></span> <span class='ocrx_word' id='word_1_31' title='bbox 843 817 876 876; x_wconf 89' lang='lat' dir='ltr'><strong>in</strong></span> <span class='ocrx_word' id='word_1_32' title='bbox 893 817 998 876; x_wconf 80' lang='lat' dir='ltr'><strong>fabulis</strong></span> <span class='ocrx_word' id='word_1_33' title='bbox 1023 820 1094 874; x_wconf 63' lang='lat' dir='ltr'><strong>est.v</strong></span> <span class='ocrx_word' id='word_1_34' title='bbox 1120 818 1155 876; x_wconf 87' lang='lat' dir='ltr'><strong>ln</strong></span> <span class='ocrx_word' id='word_1_35' title='bbox 1181 815 1277 876; x_wconf 86' lang='lat' dir='ltr'><strong>Choe-</strong></span> 
     </span>
     <span class='ocr_line' id='line_1_6' title="bbox 279 905 1361 988; baseline 0.004 -24"><span class='ocrx_word' id='word_1_36' title='bbox 279 907 380 980; x_wconf 89' lang='lat' dir='ltr'><strong>ph&#39;orr&#39;s</strong></span> <span class='ocrx_word' id='word_1_37' title='bbox 405 923 526 978; x_wconf 88' lang='lat' dir='ltr'><strong>parvum</strong></span> <span class='ocrx_word' id='word_1_38' title='bbox 550 907 698 979; x_wconf 74' lang='lat' dir='ltr'>specimen</span> <span class='ocrx_word' id='word_1_39' title='bbox 721 911 903 986; x_wconf 75' lang='grc' dir='ltr'><strong><em>περιπετείας</em></strong></span> <span class='ocrx_word' id='word_1_40' title='bbox 927 911 1015 980; x_wconf 87' lang='lat' dir='ltr'><strong>atque</strong></span> <span class='ocrx_word' id='word_1_41' title='bbox 1041 905 1276 988; x_wconf 78' lang='grc' dir='ltr'><strong><em>ἀναγνωρίσεως.</em></strong></span> <span class='ocrx_word' id='word_1_42' title='bbox 1360 949 1361 952; x_wconf 24' lang='lat'>¹</span> 
     </span>
     <span class='ocr_line' id='line_1_7' title="bbox 279 996 1276 1072; baseline 0.004 -21"><span class='ocrx_word' id='word_1_43' title='bbox 279 997 490 1070; x_wconf 54' lang='lat' dir='ltr'><strong>s-Unicuiqne</strong></span> <span class='ocrx_word' id='word_1_44' title='bbox 504 999 607 1062; x_wconf 85' lang='lat' dir='ltr'><strong>¹autem</strong></span> <span class='ocrx_word' id='word_1_45' title='bbox 626 996 811 1072; x_wconf 78' lang='lat' dir='ltr'><strong>didascalice,</strong></span> <span class='ocrx_word' id='word_1_46' title='bbox 832 997 894 1054; x_wconf 86' lang='lat' dir='ltr'><strong>sive</strong></span> <span class='ocrx_word' id='word_1_47' title='bbox 913 1013 967 1070; x_wconf 87' lang='lat' dir='ltr'><strong>pro</strong></span> <span class='ocrx_word' id='word_1_48' title='bbox 986 997 1107 1059; x_wconf 83' lang='lat' dir='ltr'><strong>arbitrio</strong></span> <span class='ocrx_word' id='word_1_49' title='bbox 1126 1000 1276 1072; x_wconf 81' lang='lat' dir='ltr'><strong>excerpsit</strong></span> 
     </span>
     <span class='ocr_line' id='line_1_8' title="bbox 279 1087 1361 1170; baseline 0.005 -25"><span class='ocrx_word' id='word_1_50' title='bbox 279 1103 347 1163; x_wconf 86' lang='lat' dir='ltr'><strong>eas,</strong></span> <span class='ocrx_word' id='word_1_51' title='bbox 378 1087 441 1144; x_wconf 84' lang='lat' dir='ltr'><strong>sive</strong></span> <span class='ocrx_word' id='word_1_52' title='bbox 471 1088 599 1158; x_wconf 83' lang='lat' dir='ltr'><strong>integras</strong></span> <span class='ocrx_word' id='word_1_53' title='bbox 631 1088 828 1163; x_wconf 78' lang='lat' dir='ltr'><strong>transcripsit,</strong></span> <span class='ocrx_word' id='word_1_54' title='bbox 866 1087 1030 1158; x_wconf 80' lang='lat' dir='ltr'><strong>argumenti</strong></span> <span class='ocrx_word' id='word_1_55' title='bbox 1060 1088 1276 1170; x_wconf 83' lang='lat' dir='ltr'><strong>enarrationem</strong></span> <span class='ocrx_word' id='word_1_56' title='bbox 1352 1127 1361 1152; x_wconf 54' lang='lat' dir='ltr'><strong>i</strong></span> 
     </span>
     <span class='ocr_line' id='line_1_9' title="bbox 280 1177 1275 1253; baseline 0.002 -19"><span class='ocrx_word' id='word_1_57' title='bbox 280 1177 463 1247; x_wconf 74' lang='lat' dir='ltr'><strong>subjunctam</strong></span> <span class='ocrx_word' id='word_1_58' title='bbox 482 1195 547 1234; x_wconf 90' lang='lat' dir='ltr'><strong>esse</strong></span> <span class='ocrx_word' id='word_1_59' title='bbox 566 1178 631 1234; x_wconf 86' lang='lat' dir='ltr'><strong>veri</strong></span> <span class='ocrx_word' id='word_1_60' title='bbox 650 1177 834 1235; x_wconf 86' lang='lat' dir='ltr'><strong>simillimum</strong></span> <span class='ocrx_word' id='word_1_61' title='bbox 873 1177 940 1250; x_wconf 89' lang='lat' dir='ltr'><strong>Ipse</strong></span> <span class='ocrx_word' id='word_1_62' title='bbox 959 1194 1040 1253; x_wconf 88' lang='lat' dir='ltr'><strong>vero,</strong></span> <span class='ocrx_word' id='word_1_63' title='bbox 1059 1180 1093 1235; x_wconf 89' lang='lat' dir='ltr'><strong>ui</strong></span> <span class='ocrx_word' id='word_1_64' title='bbox 1104 1179 1275 1236; x_wconf 68' lang='lat' dir='ltr'><strong>Armwtelis</strong></span> 
     </span>
     <span class='ocr_line' id='line_1_10' title="bbox 278 1266 1275 1346; baseline 0.001 -21"><span class='ocrx_word' id='word_1_65' title='bbox 278 1267 396 1326; x_wconf 90' lang='lat' dir='ltr'><strong>auditor</strong></span> <span class='ocrx_word' id='word_1_66' title='bbox 412 1269 538 1328; x_wconf 76' lang='lat' dir='ltr'><strong>Athenis</strong></span> <span class='ocrx_word' id='word_1_67' title='bbox 556 1271 765 1344; x_wconf 88' lang='lat' dir='ltr'><strong>commoratus,</strong></span> <span class='ocrx_word' id='word_1_68' title='bbox 785 1267 911 1340; x_wconf 81' lang='lat' dir='ltr'><strong>genuina</strong></span> <span class='ocrx_word' id='word_1_69' title='bbox 930 1266 1152 1326; x_wconf 86' lang='lat' dir='ltr'><strong>didascaliarum</strong></span> <span class='ocrx_word' id='word_1_70' title='bbox 1170 1285 1275 1346; x_wconf 84' lang='lat' dir='ltr'><strong>mouu-</strong></span> 
     </span>
     <span class='ocr_line' id='line_1_11' title="bbox 279 1358 1275 1434; baseline 0 -18"><span class='ocrx_word' id='word_1_71' title='bbox 279 1361 394 1431; x_wconf 86' lang='lat' dir='ltr'><strong>menta,</strong></span> <span class='ocrx_word' id='word_1_72' title='bbox 420 1358 479 1414; x_wconf 88' lang='lat' dir='ltr'><strong>nisi</strong></span> <span class='ocrx_word' id='word_1_73' title='bbox 502 1359 702 1431; x_wconf 89' lang='lat' dir='ltr'><strong>praeceptoris</strong></span> <span class='ocrx_word' id='word_1_74' title='bbox 720 1374 810 1430; x_wconf 88' lang='lat' dir='ltr'><strong>opere</strong></span> <span class='ocrx_word' id='word_1_75' title='bbox 836 1359 879 1413; x_wconf 92' lang='lat' dir='ltr'><strong>uti</strong></span> <span class='ocrx_word' id='word_1_76' title='bbox 898 1359 1048 1434; x_wconf 71' lang='lat' dir='ltr'><strong>induerit,</strong></span> <span class='ocrx_word' id='word_1_77' title='bbox 1074 1359 1149 1416; x_wconf 88' lang='lat' dir='ltr'><strong>bene</strong></span> <span class='ocrx_word' id='word_1_78' title='bbox 1174 1361 1275 1432; x_wconf 82' lang='lat' dir='ltr'><strong>potuit</strong></span> 
     </span>
     <span class='ocr_line' id='line_1_12' title="bbox 279 1447 1273 1523; baseline 0.002 -18"><span class='ocrx_word' id='word_1_79' title='bbox 279 1447 446 1519; x_wconf 87' lang='lat' dir='ltr'><strong>conspicere</strong></span> <span class='ocrx_word' id='word_1_80' title='bbox 466 1449 496 1510; x_wconf 88' lang='lat' dir='ltr'><strong>ct</strong></span> <span class='ocrx_word' id='word_1_81' title='bbox 514 1447 718 1504; x_wconf 80' lang='lat' dir='ltr'><strong>transcribere.</strong></span> <span class='ocrx_word' id='word_1_82' title='bbox 759 1447 894 1504; x_wconf 83' lang='lat' dir='ltr'><strong>Ceterum</strong></span> <span class='ocrx_word' id='word_1_83' title='bbox 913 1447 1048 1523; x_wconf 88' lang='lat' dir='ltr'><strong>Suidam,</strong></span> <span class='ocrx_word' id='word_1_84' title='bbox 1067 1449 1120 1522; x_wconf 92' lang='lat' dir='ltr'><strong>qui</strong></span> <span class='ocrx_word' id='word_1_85' title='bbox 1138 1453 1273 1507; x_wconf 85' lang='lat' dir='ltr'><strong>veterum</strong></span> 
     </span>
     <span class='ocr_line' id='line_1_13' title="bbox 278 1536 1271 1613; baseline 0.003 -19"><span class='ocrx_word' id='word_1_86' title='bbox 278 1539 456 1594; x_wconf 80' lang='lat' dir='ltr'><strong>Graecorum</strong></span> <span class='ocrx_word' id='word_1_87' title='bbox 480 1537 588 1610; x_wconf 85' lang='lat' dir='ltr'><strong>scripta</strong></span> <span class='ocrx_word' id='word_1_88' title='bbox 610 1539 672 1597; x_wconf 83' lang='lat' dir='ltr'><strong>iam</strong></span> <span class='ocrx_word' id='word_1_89' title='bbox 695 1536 876 1608; x_wconf 79' lang='lat' dir='ltr'><strong>negligenter</strong></span> <span class='ocrx_word' id='word_1_90' title='bbox 896 1540 1060 1613; x_wconf 82' lang='lat' dir='ltr'><strong>enumerat,</strong></span> <span class='ocrx_word' id='word_1_91' title='bbox 1079 1553 1140 1594; x_wconf 91' lang='lat' dir='ltr'><strong>non</strong></span> <span class='ocrx_word' id='word_1_92' title='bbox 1163 1555 1271 1598; x_wconf 90' lang='lat' dir='ltr'><strong>moror.</strong></span> 
     </span>
     <span class='ocr_line' id='line_1_14' title="bbox 275 1620 1273 1701; baseline 0 -13"><span class='ocrx_word' id='word_1_93' title='bbox 275 1659 314 1674; x_wconf 89' lang='lat'><strong>-·</strong></span> <span class='ocrx_word' id='word_1_94' title='bbox 331 1630 410 1688; x_wconf 90' lang='lat' dir='ltr'><strong>Num</strong></span> <span class='ocrx_word' id='word_1_95' title='bbox 427 1628 571 1700; x_wconf 84' lang='lat' dir='ltr'><strong>hodieque</strong></span> <span class='ocrx_word' id='word_1_96' title='bbox 591 1643 608 1682; x_wconf 90' lang='lat' dir='ltr'><strong>e</strong></span> <span class='ocrx_word' id='word_1_97' title='bbox 632 1626 806 1684; x_wconf 77' lang='lat' dir='ltr'><strong>Dicaearchi</strong></span> <span class='ocrx_word' id='word_1_98' title='bbox 830 1633 919 1699; x_wconf 83' lang='lat' dir='ltr'><strong>cipere</strong></span> <span class='ocrx_word' id='word_1_99' title='bbox 939 1629 1086 1701; x_wconf 90' lang='lat' dir='ltr'><strong>supersint</strong></span> <span class='ocrx_word' id='word_1_100' title='bbox 1099 1620 1273 1700; x_wconf 72' lang='grc' dir='ltr'><strong>’ὑποθέσεις</strong></span> 
     </span>
     <span class='ocr_line' id='line_1_15' title="bbox 274 1710 1361 1800; baseline 0.002 -24"><span class='ocrx_word' id='word_1_101' title='bbox 274 1719 404 1776; x_wconf 89' lang='lat' dir='ltr'><strong>nescitur</strong></span> <span class='ocrx_word' id='word_1_102' title='bbox 417 1710 488 1800; x_wconf 67' lang='grc' dir='ltr'><strong>ιιι).</strong></span> <span class='ocrx_word' id='word_1_103' title='bbox 534 1718 681 1785; x_wconf 84' lang='lat' dir='ltr'><strong>Quantum</strong></span> <span class='ocrx_word' id='word_1_104' title='bbox 704 1717 914 1790; x_wconf 88' lang='lat' dir='ltr'><strong>posterioribus</strong></span> <span class='ocrx_word' id='word_1_105' title='bbox 939 1721 1173 1788; x_wconf 83' lang='lat' dir='ltr'><strong>argumentorum</strong></span> <span class='ocrx_word' id='word_1_106' title='bbox 1199 1722 1273 1780; x_wconf 87' lang='lat' dir='ltr'><strong>scri·</strong></span> <span class='ocrx_word' id='word_1_107' title='bbox 1360 1715 1361 1724; x_wconf 71' lang='grc'>’</span> 
     </span>
     <span class='ocr_line' id='line_1_16' title="bbox 274 1791 1271 1885; baseline -0.002 -17"><span class='ocrx_word' id='word_1_108' title='bbox 274 1811 407 1883; x_wconf 89' lang='lat' dir='ltr'><strong>ptoribus</strong></span> <span class='ocrx_word' id='word_1_109' title='bbox 436 1809 576 1868; x_wconf 81' lang='lat' dir='ltr'><strong>auxilium</strong></span> <span class='ocrx_word' id='word_1_110' title='bbox 606 1810 801 1885; x_wconf 85' lang='lat' dir='ltr'><strong>praestiterit,</strong></span> <span class='ocrx_word' id='word_1_111' title='bbox 834 1809 918 1865; x_wconf 85' lang='lat' dir='ltr'><strong>laelio</strong></span> <span class='ocrx_word' id='word_1_112' title='bbox 936 1791 1073 1882; x_wconf 57' lang='lat' dir='ltr'><strong>⁸colligas.</strong></span> <span class='ocrx_word' id='word_1_113' title='bbox 1129 1805 1271 1876; x_wconf 77' lang='lat' dir='ltr'><strong>Videmus</strong></span> 
     </span>
     <span class='ocr_line' id='line_1_17' title="bbox 275 1899 1361 1976; baseline -0.002 -18"><span class='ocrx_word' id='word_1_114' title='bbox 275 1901 401 1974; x_wconf 88' lang='lat' dir='ltr'><strong>denique</strong></span> <span class='ocrx_word' id='word_1_115' title='bbox 421 1918 437 1958; x_wconf 89' lang='lat' dir='ltr'><strong>e</strong></span> <span class='ocrx_word' id='word_1_116' title='bbox 456 1902 528 1958; x_wconf 90' lang='lat' dir='ltr'><strong>locis</strong></span> <span class='ocrx_word' id='word_1_117' title='bbox 548 1917 635 1974; x_wconf 87' lang='lat' dir='ltr'><strong>supra</strong></span> <span class='ocrx_word' id='word_1_118' title='bbox 653 1899 794 1976; x_wconf 90' lang='lat' dir='ltr'><strong>laudatis,</strong></span> <span class='ocrx_word' id='word_1_119' title='bbox 819 1901 998 1973; x_wconf 86' lang='lat' dir='ltr'><strong>quantopere</strong></span> <span class='ocrx_word' id='word_1_120' title='bbox 1023 1899 1165 1971; x_wconf 81' lang='lat' dir='ltr'><strong>genuinae</strong></span> <span class='ocrx_word' id='word_1_121' title='bbox 1183 1900 1270 1956; x_wconf 82' lang='lat' dir='ltr'><strong>dida·</strong></span> <span class='ocrx_word' id='word_1_122' title='bbox 1360 1907 1361 1962; x_wconf 65' lang='lat' dir='ltr'><strong>i</strong></span> 
     </span>
     <span class='ocr_line' id='line_1_18' title="bbox 274 1989 1269 2064; baseline -0.002 -16"><span class='ocrx_word' id='word_1_123' title='bbox 274 1993 380 2048; x_wconf 88' lang='lat' dir='ltr'><strong>scaliae</strong></span> <span class='ocrx_word' id='word_1_124' title='bbox 395 1991 458 2060; x_wconf 86' lang='lat' dir='ltr'><strong>jam</strong></span> <span class='ocrx_word' id='word_1_125' title='bbox 475 1991 642 2050; x_wconf 89' lang='lat' dir='ltr'><strong>Aristotelis</strong></span> <span class='ocrx_word' id='word_1_126' title='bbox 661 1994 797 2064; x_wconf 88' lang='lat' dir='ltr'><strong>tempore</strong></span> <span class='ocrx_word' id='word_1_127' title='bbox 811 1991 1004 2063; x_wconf 86' lang='lat' dir='ltr'><strong>excerpuntnr</strong></span> <span class='ocrx_word' id='word_1_128' title='bbox 1022 1991 1161 2063; x_wconf 75' lang='lat' dir='ltr'><strong>vanoque</strong></span> <span class='ocrx_word' id='word_1_129' title='bbox 1179 1989 1269 2048; x_wconf 88' lang='lat' dir='ltr'><strong>modo</strong></span> 
     </span>
    </p>

    <p class='ocr_par' dir='ltr' id='par_1_4' title="bbox 172 2080 1295 2331">
     <span class='ocr_line' id='line_1_19' title="bbox 172 2080 1268 2156; baseline 0.003 -21"><span class='ocrx_word' id='word_1_130' title='bbox 172 2101 173 2106; x_wconf 45' lang='lat'>¹</span> <span class='ocrx_word' id='word_1_131' title='bbox 272 2083 481 2153; x_wconf 87' lang='lat' dir='ltr'><strong>permutantur.</strong></span> <span class='ocrx_word' id='word_1_132' title='bbox 520 2081 690 2140; x_wconf 84' lang='lat' dir='ltr'><strong>Videbimus</strong></span> <span class='ocrx_word' id='word_1_133' title='bbox 710 2097 760 2138; x_wconf 84' lang='lat' dir='ltr'><strong>eus</strong></span> <span class='ocrx_word' id='word_1_134' title='bbox 779 2081 929 2156; x_wconf 85' lang='lat' dir='ltr'><strong>paullatim</strong></span> <span class='ocrx_word' id='word_1_135' title='bbox 947 2081 990 2136; x_wconf 87' lang='lat' dir='ltr'><strong>ita</strong></span> <span class='ocrx_word' id='word_1_136' title='bbox 1008 2080 1134 2156; x_wconf 85' lang='lat' dir='ltr'><strong>aboleri,</strong></span> <span class='ocrx_word' id='word_1_137' title='bbox 1155 2083 1192 2151; x_wconf 85' lang='lat' dir='ltr'><strong>ut</strong></span> <span class='ocrx_word' id='word_1_138' title='bbox 1216 2081 1268 2138; x_wconf 85' lang='lat' dir='ltr'><strong>vix</strong></span> 
     </span>
     <span class='ocr_line' id='line_1_20' title="bbox 272 2170 1295 2248; baseline -0.001 -19"><span class='ocrx_word' id='word_1_139' title='bbox 272 2172 362 2229; x_wconf 89' lang='lat' dir='ltr'><strong>ullum</strong></span> <span class='ocrx_word' id='word_1_140' title='bbox 381 2171 523 2240; x_wconf 78' lang='lat' dir='ltr'><strong>genuinae</strong></span> <span class='ocrx_word' id='word_1_141' title='bbox 543 2172 717 2248; x_wconf 78' lang='lat' dir='ltr'><strong>didascalice</strong></span> <span class='ocrx_word' id='word_1_142' title='bbox 736 2173 953 2228; x_wconf 87' lang='lat' dir='ltr'><strong>monumentum</strong></span> <span class='ocrx_word' id='word_1_143' title='bbox 972 2170 1059 2236; x_wconf 87' lang='lat' dir='ltr'><strong>hodic</strong></span> <span class='ocrx_word' id='word_1_144' title='bbox 1070 2170 1208 2245; x_wconf 71' lang='lat' dir='ltr'><strong>reperias.</strong></span> <span class='ocrx_word' id='word_1_145' title='bbox 1226 2199 1265 2214; x_wconf 92' lang='lat'>-</span> <span class='ocrx_word' id='word_1_146' title='bbox 1291 2215 1295 2222; x_wconf 86' lang='lat'>.</span> 
     </span>
     <span class='ocr_line' id='line_1_21' title="bbox 270 2247 1176 2331; baseline -0.004 -10"><span class='ocrx_word' id='word_1_147' title='bbox 270 2262 420 2321; x_wconf 86' lang='lat' dir='ltr'><strong>Hactenus</strong></span> <span class='ocrx_word' id='word_1_148' title='bbox 438 2262 476 2320; x_wconf 87' lang='lat' dir='ltr'><strong>de</strong></span> <span class='ocrx_word' id='word_1_149' title='bbox 493 2263 674 2320; x_wconf 87' lang='lat' dir='ltr'><strong>Dicaearcho</strong></span> <span class='ocrx_word' id='word_1_150' title='bbox 693 2247 895 2331; x_wconf 86' lang='lat' dir='ltr'><strong>Peripatetico.</strong></span> <span class='ocrx_word' id='word_1_151' title='bbox 914 2289 954 2324; x_wconf 81' lang='grc'><strong>,-</strong></span> <span class='ocrx_word' id='word_1_152' title='bbox 1175 2267 1176 2270; x_wconf 76' lang='grc'>’</span> 
     </span>
    </p>
   </div>
   <div class='ocr_carea' id='block_1_3' title="bbox 205 2347 1267 3255">
    <p class='ocr_par' dir='ltr' id='par_1_5' title="bbox 266 2347 1267 2987">
     <span class='ocr_line' id='line_1_22' title="bbox 344 2347 1266 2426; baseline -0.007 0"><span class='ocrx_word' id='word_1_153' title='bbox 344 2353 568 2426; x_wconf 76' lang='lat' dir='ltr'><strong>Heraclides</strong></span> <span class='ocrx_word' id='word_1_154' title='bbox 609 2351 841 2420; x_wconf 76' lang='lat' dir='ltr'><strong>Heracleote</strong></span> <span class='ocrx_word' id='word_1_155' title='bbox 882 2347 1064 2426; x_wconf 66' lang='lat' dir='ltr'><strong>Pontiae</strong></span> <span class='ocrx_word' id='word_1_156' title='bbox 1101 2365 1266 2422; x_wconf 84' lang='lat' dir='ltr'><strong>illustribus</strong></span> 
     </span>
     <span class='ocr_line' id='line_1_23' title="bbox 270 2455 1267 2534; baseline -0.009 -15"><span class='ocrx_word' id='word_1_157' title='bbox 270 2467 447 2520; x_wconf 87' lang='lat' dir='ltr'><strong>Graecorum</strong></span> <span class='ocrx_word' id='word_1_158' title='bbox 465 2459 562 2532; x_wconf 85' lang='lat' dir='ltr'><strong>poetis</strong></span> <span class='ocrx_word' id='word_1_159' title='bbox 581 2460 702 2515; x_wconf 85' lang='lat' dir='ltr'><strong>multum</strong></span> <span class='ocrx_word' id='word_1_160' title='bbox 722 2457 841 2516; x_wconf 89' lang='lat' dir='ltr'><strong>studuit.</strong></span> <span class='ocrx_word' id='word_1_161' title='bbox 868 2460 913 2514; x_wconf 84' lang='lat' dir='ltr'><strong>Eo</strong></span> <span class='ocrx_word' id='word_1_162' title='bbox 932 2463 1040 2534; x_wconf 66' lang='lat' dir='ltr'><strong>umen,</strong></span> <span class='ocrx_word' id='word_1_163' title='bbox 1061 2455 1140 2529; x_wconf 91' lang='lat' dir='ltr'><strong>quod</strong></span> <span class='ocrx_word' id='word_1_164' title='bbox 1152 2455 1267 2527; x_wconf 86' lang='lat' dir='ltr'><strong>primus</strong></span> 
     </span>
     <span class='ocr_line' id='line_1_24' title="bbox 269 2541 1266 2629; baseline -0.007 -21"><span class='ocrx_word' id='word_1_165' title='bbox 269 2553 306 2608; x_wconf 86' lang='lat' dir='ltr'><strong>cle</strong></span> <span class='ocrx_word' id='word_1_166' title='bbox 331 2551 424 2608; x_wconf 86' lang='lat' dir='ltr'><strong>tribus</strong></span> <span class='ocrx_word' id='word_1_167' title='bbox 443 2550 610 2621; x_wconf 85' lang='lat' dir='ltr'><strong>tragoediae</strong></span> <span class='ocrx_word' id='word_1_168' title='bbox 629 2548 809 2623; x_wconf 85' lang='lat' dir='ltr'><strong>principibus</strong></span> <span class='ocrx_word' id='word_1_169' title='bbox 835 2542 923 2629; x_wconf 80' lang='lat' dir='ltr'><strong>(quor</strong></span> <span class='ocrx_word' id='word_1_170' title='bbox 949 2544 1007 2604; x_wconf 80' lang='grc' dir='ltr'><strong>κατ’</strong></span> <span class='ocrx_word' id='word_1_171' title='bbox 1034 2541 1139 2622; x_wconf 74' lang='grc' dir='ltr'><strong><em>ἐξοχὴν</em></strong></span> <span class='ocrx_word' id='word_1_172' title='bbox 1163 2547 1266 2618; x_wconf 87' lang='lat' dir='ltr'><strong>appel·</strong></span> 
     </span>
     <span class='ocr_line' id='line_1_25' title="bbox 268 2635 1266 2721; baseline -0.006 -22"><span class='ocrx_word' id='word_1_173' title='bbox 268 2642 311 2699; x_wconf 86' lang='lat' dir='ltr'><strong>lat</strong></span> <span class='ocrx_word' id='word_1_174' title='bbox 328 2639 398 2715; x_wconf 74' lang='grc' dir='ltr'><strong>σούς</strong></span> <span class='ocrx_word' id='word_1_175' title='bbox 416 2635 675 2721; x_wconf 75' lang='grc' dir='ltr'><strong><em>τραγῳδοποιούς)</em></strong></span> <span class='ocrx_word' id='word_1_176' title='bbox 695 2641 871 2710; x_wconf 81' lang='lat' dir='ltr'><strong>singularem</strong></span> <span class='ocrx_word' id='word_1_177' title='bbox 889 2640 995 2696; x_wconf 81' lang='lat' dir='ltr'><strong>librum</strong></span> <span class='ocrx_word' id='word_1_178' title='bbox 1008 2637 1181 2712; x_wconf 89' lang='lat' dir='ltr'><strong>composuit,</strong></span> <span class='ocrx_word' id='word_1_179' title='bbox 1202 2653 1266 2693; x_wconf 86' lang='lat' dir='ltr'><strong>ma·</strong></span> 
     </span>
     <span class='ocr_line' id='line_1_26' title="bbox 267 2722 1267 2805; baseline -0.006 -15"><span class='ocrx_word' id='word_1_180' title='bbox 267 2733 345 2791; x_wconf 86' lang='lat' dir='ltr'><strong>xime</strong></span> <span class='ocrx_word' id='word_1_181' title='bbox 364 2733 488 2802; x_wconf 80' lang='lat' dir='ltr'><strong>insignis</strong></span> <span class='ocrx_word' id='word_1_182' title='bbox 501 2735 554 2788; x_wconf 87' lang='lat' dir='ltr'><strong>est.</strong></span> <span class='ocrx_word' id='word_1_183' title='bbox 594 2731 667 2798; x_wconf 86' lang='lat' dir='ltr'><strong>Quis</strong></span> <span class='ocrx_word' id='word_1_184' title='bbox 680 2732 758 2787; x_wconf 87' lang='lat' dir='ltr'><strong>enim</strong></span> <span class='ocrx_word' id='word_1_185' title='bbox 770 2730 975 2801; x_wconf 83' lang='lat' dir='ltr'><strong>intelligendus</strong></span> <span class='ocrx_word' id='word_1_186' title='bbox 988 2722 1042 2805; x_wconf 82' lang='lat' dir='ltr'><strong>est,</strong></span> <span class='ocrx_word' id='word_1_187' title='bbox 1062 2728 1120 2784; x_wconf 90' lang='lat' dir='ltr'><strong>nisi</strong></span> <span class='ocrx_word' id='word_1_188' title='bbox 1132 2727 1267 2798; x_wconf 82' lang='lat' dir='ltr'><strong>Aeschy-</strong></span> 
     </span>
     <span class='ocr_line' id='line_1_27' title="bbox 266 2815 1264 2896; baseline -0.007 -16"><span class='ocrx_word' id='word_1_189' title='bbox 266 2825 313 2880; x_wconf 88' lang='lat' dir='ltr'><strong>lus</strong></span> <span class='ocrx_word' id='word_1_190' title='bbox 342 2824 373 2878; x_wconf 84' lang='lat' dir='ltr'><strong>et</strong></span> <span class='ocrx_word' id='word_1_191' title='bbox 401 2823 557 2896; x_wconf 89' lang='lat' dir='ltr'><strong>Sophocles</strong></span> <span class='ocrx_word' id='word_1_192' title='bbox 587 2826 618 2878; x_wconf 88' lang='lat' dir='ltr'><strong>et</strong></span> <span class='ocrx_word' id='word_1_193' title='bbox 645 2815 822 2896; x_wconf 73' lang='lat' dir='ltr'><strong>Euripidesi</strong></span> <span class='ocrx_word' id='word_1_194' title='bbox 868 2821 1045 2880; x_wconf 77' lang='lat' dir='ltr'><strong>videmusne</strong></span> <span class='ocrx_word' id='word_1_195' title='bbox 1074 2819 1264 2888; x_wconf 82' lang='lat' dir='ltr'><strong>Tragicorum</strong></span> 
     </span>
     <span class='ocr_line' id='line_1_28' title="bbox 266 2908 1263 2987; baseline -0.002 -19"><span class='ocrx_word' id='word_1_196' title='bbox 266 2913 414 2987; x_wconf 89' lang='lat' dir='ltr'><strong>principes</strong></span> <span class='ocrx_word' id='word_1_197' title='bbox 443 2916 545 2987; x_wconf 86' lang='lat' dir='ltr'><strong>poetas</strong></span> <span class='ocrx_word' id='word_1_198' title='bbox 569 2911 696 2986; x_wconf 85' lang='lat' dir='ltr'><strong>reliquos</strong></span> <span class='ocrx_word' id='word_1_199' title='bbox 722 2913 764 2967; x_wconf 88' lang='lat' dir='ltr'><strong>ita</strong></span> <span class='ocrx_word' id='word_1_200' title='bbox 792 2912 941 2971; x_wconf 86' lang='lat' dir='ltr'><strong>celerrime</strong></span> <span class='ocrx_word' id='word_1_201' title='bbox 966 2925 1124 2984; x_wconf 85' lang='lat' dir='ltr'><strong>superasse</strong></span> <span class='ocrx_word' id='word_1_202' title='bbox 1148 2908 1263 2978; x_wconf 62' lang='lat' dir='ltr'><strong>utiam</strong></span> 
     </span>
    </p>

    <p class='ocr_par' dir='ltr' id='par_1_6' title="bbox 205 2996 1263 3255">
     <span class='ocr_line' id='line_1_29' title="bbox 205 2996 1261 3084; baseline -0.007 -23"><span class='ocrx_word' id='word_1_203' title='bbox 205 3079 208 3082; x_wconf 21' lang='grc' dir='ltr'>Ι</span> <span class='ocrx_word' id='word_1_204' title='bbox 265 3005 317 3060; x_wconf 85' lang='lat' dir='ltr'><strong>iiio</strong></span> <span class='ocrx_word' id='word_1_205' title='bbox 341 3005 473 3076; x_wconf 86' lang='lat' dir='ltr'><strong>tempore</strong></span> <span class='ocrx_word' id='word_1_206' title='bbox 499 3002 592 3084; x_wconf 74' lang='grc' dir='ltr'><strong><em>τρνῷν</em></strong></span> <span class='ocrx_word' id='word_1_207' title='bbox 609 2996 842 3082; x_wconf 74' lang='grc' dir='ltr'><em>τραγῳδοποιῶν</em></span> <span class='ocrx_word' id='word_1_208' title='bbox 861 3001 1004 3056; x_wconf 89' lang='lat' dir='ltr'><strong>haberent</strong></span> <span class='ocrx_word' id='word_1_209' title='bbox 1027 2999 1184 3068; x_wconf 77' lang='lat' dir='ltr'><strong>gloriosum</strong></span> <span class='ocrx_word' id='word_1_210' title='bbox 1212 3013 1261 3054; x_wconf 92' lang='lat' dir='ltr'><strong>co·</strong></span> 
     </span>
     <span class='ocr_line' id='line_1_30' title="bbox 266 3089 1263 3166; baseline -0.005 -17"><span class='ocrx_word' id='word_1_211' title='bbox 266 3089 412 3166; x_wconf 73' lang='lat' dir='ltr'><strong>gnomeni</strong></span> <span class='ocrx_word' id='word_1_212' title='bbox 451 3095 536 3150; x_wconf 87' lang='lat' dir='ltr'><strong>Certe</strong></span> <span class='ocrx_word' id='word_1_213' title='bbox 564 3093 636 3148; x_wconf 87' lang='lat' dir='ltr'><strong>milri</strong></span> <span class='ocrx_word' id='word_1_214' title='bbox 669 3093 839 3162; x_wconf 75' lang='lat' dir='ltr'><strong>argumento</strong></span> <span class='ocrx_word' id='word_1_215' title='bbox 868 3095 898 3145; x_wconf 89' lang='lat' dir='ltr'><strong>ct</strong></span> <span class='ocrx_word' id='word_1_216' title='bbox 926 3091 981 3146; x_wconf 91' lang='lat' dir='ltr'><strong>hoc</strong></span> <span class='ocrx_word' id='word_1_217' title='bbox 1010 3091 1057 3144; x_wconf 87' lang='lat' dir='ltr'><strong>ost</strong></span> <span class='ocrx_word' id='word_1_218' title='bbox 1083 3091 1116 3143; x_wconf 86' lang='lat' dir='ltr'><strong>ni</strong></span> <span class='ocrx_word' id='word_1_219' title='bbox 1143 3091 1263 3162; x_wconf 85' lang='lat' dir='ltr'><strong>practer</strong></span> 
     </span>
     <span class='ocr_line' id='line_1_31' title="bbox 264 3178 1262 3255; baseline -0.006 -15"><span class='ocrx_word' id='word_1_220' title='bbox 264 3185 352 3241; x_wconf 89' lang='lat' dir='ltr'><strong>trium</strong></span> <span class='ocrx_word' id='word_1_221' title='bbox 376 3183 565 3255; x_wconf 78' lang='lat' dir='ltr'><strong>&#39;I&#39;ragicorum</strong></span> <span class='ocrx_word' id='word_1_222' title='bbox 592 3181 705 3242; x_wconf 81' lang='lat' dir='ltr'><strong>fabriles</strong></span> <span class='ocrx_word' id='word_1_223' title='bbox 732 3181 909 3254; x_wconf 87' lang='lat' dir='ltr'><strong>reliquorum</strong></span> <span class='ocrx_word' id='word_1_224' title='bbox 937 3179 1005 3236; x_wconf 89' lang='lat' dir='ltr'><strong>illae</strong></span> <span class='ocrx_word' id='word_1_225' title='bbox 1033 3180 1147 3236; x_wconf 85' lang='lat' dir='ltr'><strong>tantum</strong></span> <span class='ocrx_word' id='word_1_226' title='bbox 1171 3178 1262 3235; x_wconf 86' lang='lat' dir='ltr'><strong>semel</strong></span> 
     </span>
    </p>
   </div>
   <div class='ocr_carea' id='block_1_4' title="bbox 260 3456 1318 3952">
    <p class='ocr_par' dir='ltr' id='par_1_7' title="bbox 260 3456 1318 3952">
     <span class='ocr_line' id='line_1_32' title="bbox 329 3456 1260 3530; baseline -0.011 -17"><span class='ocrx_word' id='word_1_227' title='bbox 329 3461 390 3526; x_wconf 76' lang='lat' dir='ltr'><strong>iil)</strong></span> <span class='ocrx_word' id='word_1_228' title='bbox 410 3463 503 3530; x_wconf 79' lang='lat' dir='ltr'><strong>inira,</strong></span> <span class='ocrx_word' id='word_1_229' title='bbox 525 3463 572 3515; x_wconf 89' lang='lat' dir='ltr'><strong>ubl</strong></span> <span class='ocrx_word' id='word_1_230' title='bbox 595 3466 629 3516; x_wconf 85' lang='lat' dir='ltr'><strong>do</strong></span> <span class='ocrx_word' id='word_1_231' title='bbox 650 3461 839 3524; x_wconf 80' lang='lat' dir='ltr'><strong>Aristophanis</strong></span> <span class='ocrx_word' id='word_1_232' title='bbox 861 3461 990 3524; x_wconf 83' lang='lat' dir='ltr'><strong>operibus</strong></span> <span class='ocrx_word' id='word_1_233' title='bbox 1013 3459 1137 3522; x_wconf 86' lang='lat' dir='ltr'><strong>disputo,</strong></span> <span class='ocrx_word' id='word_1_234' title='bbox 1167 3456 1260 3506; x_wconf 87' lang='lat' dir='ltr'><strong>denuo</strong></span> 
     </span>
     <span class='ocr_line' id='line_1_33' title="bbox 263 3530 1318 3618; baseline -0.027 1"><span class='ocrx_word' id='word_1_235' title='bbox 263 3563 322 3607; x_wconf 59' lang='grc' dir='ltr'><strong>ΝΜ</strong></span> <span class='ocrx_word' id='word_1_236' title='bbox 339 3556 457 3618; x_wconf 62' lang='lat' dir='ltr'><strong>‚timim-</strong></span> <span class='ocrx_word' id='word_1_237' title='bbox 492 3553 617 3616; x_wconf 73' lang='lat' dir='ltr'><strong>Quonam</strong></span> <span class='ocrx_word' id='word_1_238' title='bbox 629 3553 707 3604; x_wconf 78' lang='lat' dir='ltr'><strong>bitrio</strong></span> <span class='ocrx_word' id='word_1_239' title='bbox 719 3563 789 3604; x_wconf 78' lang='lat' dir='ltr'><strong>usus</strong></span> <span class='ocrx_word' id='word_1_240' title='bbox 800 3557 843 3604; x_wconf 85' lang='lat' dir='ltr'><strong>est</strong></span> <span class='ocrx_word' id='word_1_241' title='bbox 853 3551 923 3604; x_wconf 86' lang='lat' dir='ltr'><strong>liber</strong></span> <span class='ocrx_word' id='word_1_242' title='bbox 934 3538 1115 3600; x_wconf 81' lang='lat' dir='ltr'><strong>Dicaearchii</strong></span> <span class='ocrx_word' id='word_1_243' title='bbox 1142 3530 1259 3594; x_wconf 81' lang='grc' dir='ltr'><strong><em>Δνδωσ-</em></strong></span> <span class='ocrx_word' id='word_1_244' title='bbox 1297 3551 1318 3592; x_wconf 79' lang='grc' dir='ltr'><strong><em>ο</em></strong></span> 
     </span>
     <span class='ocr_line' id='line_1_34' title="bbox 261 3618 1259 3712; baseline -0.014 -18"><span class='ocrx_word' id='word_1_245' title='bbox 261 3632 374 3712; x_wconf 61' lang='lat' dir='ltr'><strong>subibo</strong></span> <span class='ocrx_word' id='word_1_246' title='bbox 391 3654 491 3694; x_wconf 87' lang='lat' dir='ltr'><strong>nomeu</strong></span> <span class='ocrx_word' id='word_1_247' title='bbox 502 3641 528 3692; x_wconf 86' lang='lat' dir='ltr'><strong>ei</strong></span> <span class='ocrx_word' id='word_1_248' title='bbox 539 3654 592 3692; x_wconf 88' lang='lat' dir='ltr'><strong>uon</strong></span> <span class='ocrx_word' id='word_1_249' title='bbox 605 3641 677 3692; x_wconf 85' lang='lat' dir='ltr'><strong>dedii</strong></span> <span class='ocrx_word' id='word_1_250' title='bbox 687 3640 794 3702; x_wconf 81' lang='lat' dir='ltr'><strong>opinor.</strong></span> <span class='ocrx_word' id='word_1_251' title='bbox 809 3618 963 3691; x_wconf 71' lang='lat' dir='ltr'><strong>’Decime</strong></span> <span class='ocrx_word' id='word_1_252' title='bbox 974 3637 1000 3689; x_wconf 89' lang='lat' dir='ltr'><strong>ei</strong></span> <span class='ocrx_word' id='word_1_253' title='bbox 1014 3635 1067 3688; x_wconf 82' lang='lat' dir='ltr'><strong>urit</strong></span> <span class='ocrx_word' id='word_1_254' title='bbox 1082 3625 1259 3685; x_wconf 70' lang='lat' dir='ltr'><strong>incuteres</strong></span> 
     </span>
     <span class='ocr_line' id='line_1_35' title="bbox 261 3709 1258 3788; baseline -0.009 -14"><span class='ocrx_word' id='word_1_255' title='bbox 261 3733 374 3774; x_wconf 72' lang='lat' dir='ltr'><strong>nomen:</strong></span> <span class='ocrx_word' id='word_1_256' title='bbox 392 3729 500 3777; x_wconf 83' lang='lat' dir='ltr'><strong>cerium</strong></span> <span class='ocrx_word' id='word_1_257' title='bbox 516 3725 603 3775; x_wconf 89' lang='lat' dir='ltr'><strong>multo</strong></span> <span class='ocrx_word' id='word_1_258' title='bbox 620 3722 707 3788; x_wconf 77' lang='lat' dir='ltr'><strong>magis</strong></span> <span class='ocrx_word' id='word_1_259' title='bbox 724 3724 752 3778; x_wconf 85' lang='lat' dir='ltr'><strong>el</strong></span> <span class='ocrx_word' id='word_1_260' title='bbox 770 3709 943 3782; x_wconf 80' lang='lat' dir='ltr'><strong>conveniret,</strong></span> <span class='ocrx_word' id='word_1_261' title='bbox 960 3721 985 3768; x_wconf 84' lang='lat' dir='ltr'><strong>si</strong></span> <span class='ocrx_word' id='word_1_262' title='bbox 1002 3723 1079 3770; x_wconf 85' lang='lat' dir='ltr'><strong>recte</strong></span> <span class='ocrx_word' id='word_1_263' title='bbox 1096 3717 1157 3768; x_wconf 87' lang='lat' dir='ltr'><strong>libri</strong></span> <span class='ocrx_word' id='word_1_264' title='bbox 1174 3722 1258 3772; x_wconf 85' lang='lat' dir='ltr'><strong>ratu-</strong></span> 
     </span>
     <span class='ocr_line' id='line_1_36' title="bbox 261 3797 1256 3870; baseline -0.018 -4"><span class='ocrx_word' id='word_1_265' title='bbox 261 3815 320 3858; x_wconf 70' lang='lat' dir='ltr'><strong>tffl</strong></span> <span class='ocrx_word' id='word_1_266' title='bbox 336 3807 472 3866; x_wconf 65' lang='lat' dir='ltr'><strong>perspexi.</strong></span> <span class='ocrx_word' id='word_1_267' title='bbox 490 3833 524 3846; x_wconf 86' lang='lat'><strong>-</strong></span> <span class='ocrx_word' id='word_1_268' title='bbox 541 3807 582 3860; x_wconf 83' lang='lat' dir='ltr'><strong>De</strong></span> <span class='ocrx_word' id='word_1_269' title='bbox 605 3805 719 3870; x_wconf 73' lang='lat' dir='ltr'><strong>reliquis</strong></span> <span class='ocrx_word' id='word_1_270' title='bbox 735 3805 897 3862; x_wconf 79' lang='lat' dir='ltr'><strong>Dicaearchi</strong></span> <span class='ocrx_word' id='word_1_271' title='bbox 918 3799 1029 3864; x_wconf 83' lang='lat' dir='ltr'><strong>scriptis</strong></span> <span class='ocrx_word' id='word_1_272' title='bbox 1048 3799 1110 3850; x_wconf 82' lang='lat' dir='ltr'><strong>vide</strong></span> <span class='ocrx_word' id='word_1_273' title='bbox 1126 3797 1256 3862; x_wconf 78' lang='lat' dir='ltr'><strong>doctissi-</strong></span> 
     </span>
     <span class='ocr_line' id='line_1_37' title="bbox 260 3879 1053 3952; baseline -0.015 -16"><span class='ocrx_word' id='word_1_274' title='bbox 260 3897 333 3936; x_wconf 84' lang='lat' dir='ltr'><strong>mum</strong></span> <span class='ocrx_word' id='word_1_275' title='bbox 350 3887 493 3952; x_wconf 79' lang='lat' dir='ltr'><strong>Naetrinm.</strong></span> <span class='ocrx_word' id='word_1_276' title='bbox 1052 3879 1053 3882; x_wconf 75' lang='grc'>’</span> 
     </span>
    </p>
   </div>
   <div class='ocr_carea' id='block_1_5' title="bbox 0 0 1392 4656">
    <p class='ocr_par' dir='ltr' id='par_1_8' title="bbox 0 0 1392 4656">
     <span class='ocr_line' id='line_1_38' title="bbox 0 0 1392 4656; baseline 0 7"><span class='ocrx_word' id='word_1_277' title='bbox 0 0 1392 4656; x_wconf 95' lang='lat' dir='ltr'><strong> </strong></span> 
     </span>
    </p>
   </div>
  </div>
 </body>
</html>
