2792 4670
413 395 700 484 «ιο-

105 559 273 634 probantur.
292 557 441 616 eremitar
459 559 490 615 in
507 559 670 616 Philocteta
685 559 814 620 iacchus
832 561 851 617 i.
871 560 940 632 i'p.
959 559 1018 616 310
1034 565 1096 634 sqq.

103 652 218 726 aliquot
236 657 339 706 versus
358 648 471 721 spurios
490 665 599 724 eosque
625 667 678 724 pro
702 666 795 708 novae
819 649 957 706 editionis
980 651 1098 708 inditiis

105 747 136 798 et
155 741 362 815 speciminibus
381 740 535 798 habendos¹
551 757 615 798 esse
630 741 782 816 iudicavit,
802 756 862 796 non
879 741 1098 815 omnibuspro·

104 834 191 890 batus
211 831 379 889 editoribus.
407 833 453 890 Ac
470 832 638 907 Sophocles,
658 832 717 904 qui·
728 834 852 904 quatuor
863 834 923 888 iere
936 832 1019 889 arinis
1031 837 1099 905 post

102 927 201 980 aetam
225 923 350 981 fabulam
374 925 505 980 mortuus
529 926 591 999 est,
616 922 806 980 Philoctetam
831 923 974 993 corrigere
999 927 1030 979 et
1053 940 1099 980 re·

105 1018 230 1074 tractare
248 1029 308 1074 non
325 1013 437 1086 potnit:
456 1014 554 1072 sabula
572 1016 670 1070 autem
687 1030 763 1087 quae
778 1014 886 1086 primas
899 1013 1005 1070 tulerat
1016 1031 1099 1088 apo·
1207 1042 1212 1098 '.

105 1106 275 1165 sterioribus
300 1105 514 1180 grammaticis,
542 1108 683 1179 quantum
707 1123 724 1160 e
750 1105 867 1162 scholiis
893 1105 1098 1178 superstitibus
1177 1150 1180 1158 ,

103 1195 200 1267 colligi
224 1197 311 1270 iicet,
335 1211 406 1267 prae
430 1195 551 1268 reliquis
576 1196 650 1252 mne
667 1194 800 1264 neglecta
818 1198 873 1251 est.
911 1195 1007 1252 Etiam
1025 1195 1098 1286 haec

102 1291 205 1344 contra
224 1286 370 1360 duplicem
393 1284 457 1355 ejus
481 1284 681 1360 recensionem
704 1285 868 1359 loquuntur.
888 1315 927 1333 ·-·
945 1285 1099 1342 EmEuri·

102 1443 302 1457 -n—-a

101 1568 175 1620 inira
192 1567 302 1630 dicam).
318 1567 350 1616 ln
366 1567 415 1618 ilio
432 1565 517 1632 igitur
534 1579 619 1617 versu
636 1579 691 1617 nor
708 1569 780 1619 dirae
796 1569 1010 1621 nt'iiermannus
1026 1571 1097 1632 vuit,

101 1653 151 1705 aad
170 1657 228 1706 tres
240 1651 379 1704 *lectiones
396 1651 518 1718 ejusdem
535 1653 614 1705 verbi
634 1655 781 1716 aliquando
804 1658 960 1708 exstabuutr
974 1647 1096 1722 κότλοο,

102 1731 203 1805 ὄκνον,
220 1733 326 1812 μόρον.
360 1744 403 1794 ita
425 1743 496 1794 enim
518 1743 689 1794 scribendum
715 1757 780 1796 esse
794 1748 936 1820 actoriam
960 1751 1096 1801 arbitror:

102 1821 182 1884 rita
200 1844 247 1903 γρ.
266 1823 376 1893 ὅπλοις·
396 1820 448 1896 τὴν
466 1823 687 1902 ταλαιπωρίαν,
712 1821 731 1897 ἢ
750 1845 797 1905 γρ.
815 1828 926 1906 μόρον,
945 1827 980 1888 τὸ
997 1850 1096 1906 μεμο-

103 1918 229 1994 ρημένον
237 1917 288 1972 καὶ
297 1917 501 1995 πεπρωμένον,
511 1911 690 1994 ώςὍμηρος
703 1925 837 1988 (tortasse
853 1921 1004 1985 11.π.241).
1022 1924 1097 1976 Unda

103 2007 238 2071 triplicem
259 2007 351 2070 possis
376 2008 563 2060 recensionem
586 2007 732 2068 suspicari.
757 2031 791 2042 -
812 2007 853 2057 Ad
877 2020 905 2055 v.
932 2006 972 2066 ta,
997 2009 1097 2058 samue

102 2089 319 2158 alienamaiiert
334 2091 496 2142 lectionem:
526 2092 599 2142 unde
621 2104 682 2142 eam
698 2088 843 2155 occurerit,
863 2087 968 2140 nescio.
992 2091 1096 2144 Fontes

102 2169 164 2238 ejus
182 2180 236 2241 tam
253 2172 365 2236 antiqui
379 2175 495 2236 possunt
517 2184 580 2222 esse
603 2183 683 2235 quam
699 2171 719 2220 ii
733 2171 882 2222 illustrium
907 2167 1096 2236 interpretum.

103 2257 159 2306 Sed
175 2253 396 2319 geographicae
415 2239 484 2321 arat,
503 2266 613 2321 versus,
631 2266 746 2317 quorum
762 2254 835 2304 iorto
852 2256 1027 2320 meminerat,
1043 2270 1095 2307 ac·

105 2329 277 2387 notatissimo
301 2335 451 2399 descriptos
474 2349 622 2400 apponere.
656 2337 698 2387 lta
720 2337 755 2387 ad
779 2348 806 2386 a.
831 2335 880 2386 aei
902 2351 944 2399 sq.
963 2337 1096 2402 Diogenis

104 2419 208 2471 haerili
225 2417 310 2470 lectio
328 2420 388 2470 iere
405 2419 470 2469 nibil
487 2421 618 2482 pertinet:
635 2433 688 2472 uec
706 2417 875 2471 scholiastae
887 2419 1029 2494 quidquam
1042 2435 1095 2471 an-

103 2505 213 2554 notant:
238 2502 329 2566 quidni
347 2501 483 2566 Diogenes
506 2503 533 2554 in
555 2512 634 2552 suum
656 2505 736 2552 finem
759 2501 805 2550 vel
828 2501 973 2552 memoriae
997 2515 1095 2556 errore

101 2583 251 2637 motaverit
266 2587 317 2636 aut
333 2586 536 2648 transposuerit
551 2589 600 2636 aut
616 2581 750 2636 deleverit
760 2585 872 2635 'omnino
890 2585 1009 2647 genuina
1024 2599 1095 2648 poe·

102 2673 150 2719 tae
165 2657 324 2719 rerbal“··-
340 2667 428 2718 littam
452 2665 578 2732 integros
603 2681 704 2720 vorsus
729 2662 813 2731 ejecit
836 2668 1007 2717 {dermannus
1033 2671 1094 2718 irasc

102 2763 130 2801 a.
145 2751 180 2800 ec
198 2751 328 2812 probatus
343 2750 493 2818 illnlerito,
510 2751 610 2815 Navio,
626 2749 746 2814 epitrito,
763 2745 899 2814 iiimaim‘o.
918 2745 1004 2800 vvssflfl
1016 2755 1045 2800 et
1061 2752 1097 2806 89.

104 2843 168 2888 turm
185 2831 341 2895 werdere,
358 2832 499 2886 llindoriio
516 2833 575 2899 (qui
591 2838 682 2886 tomen
698 2832 855 2894 nuperrime
872 2847 917 2884 vv.
935 2834 979 2899 iti,
995 2833 1026 2884 ai
1043 2834 1095 2886 de-

103 2917 163 2968 lcre
187 2916 307 2981 meruit)
328 2917 500 2984 Gaisiordio,
525 2913 675 2982 itlmsiejc,
700 2916 838 2967 Ellendtic
865 2917 944 2981 (ber.
968 2918 1052 2978 sopit.
1070 2932 1094 2968 s.

102 2996 296 3078 οροταρβεῖν)
318 3008 421 3074 Nauio,
450 3021 496 3058 vv.
520 3007 668 3058 tii-dib
690 3007 752 3070 (cir.
778 3004 873 3070 iieielg
898 3005 1000 3058 comm.
1026 3005 1093 3063 crit·

104 3091 172 3141 0ed.
191 3088 251 3139 (iol.
271 3105 297 3139 v.
314 3091 403 3151 1669.)
421 3105 467 3140 vv.
484 3090 535 3140 894
553 3103 613 3140 cnm
631 3090 778 3141 Wundero
795 3091 825 3141 'et
841 3086 990 3140 Diodorfio.
1015 3089 1094 3140 Licet

103 3171 232 3236 permulti
249 3183 309 3222 cum
325 3175 479 3224 Hermanno
497 3171 561 3224 iilos
579 3186 678 3224 versum
694 3171 803 3236 spurios
821 3185 884 3222 esse
896 3167 1094 3236 judicaverint,

105 3255 240 3318 duplicem
263 3256 351 3306 tumen
373 3255 562 3312 recensionem
584 3260 698 3320 praeter
720 3269 782 3318 oum
803 3256 895 3310 nullus
917 3255 977 3306 iere
1000 3254 1093 3317 ruspi-

104 3343 182 3390 catus
205 3341 248 3388 est
270 3335 389 3387 criticae.
422 3339 453 3395 d,
469 3339 624 3390 iliodoriius
647 3339 675 3390 in
698 3339 755 3396 vil,
778 3337 919 3400 sophoclis
941 3337 1093 3402 tragoediis

104 3419 389 3484 &undequinquaginta
413 3433 511 3472 versus
536 3423 648 3484 sptrrlos
673 3433 734 3471 esse
759 3421 898 3484 contendit
921 3421 1040 3484 (annoti,
1057 3423 1093 3472 ad

104 3505 184 3567 sopit,
196 3505 299 3568 rrcgg.
310 3503 398 3558 Praei,
410 3515 437 3564 p.
454 3502 527 3566 iv;);
545 3514 609 3555 nun
625 3504 710 3568 igitur
728 3517 821 3555 omnes
830 3503 895 3556 illos
906 3503 1013 3556 tabulas
1025 3516 1092 3555 cor-

104 3595 197 3640 rectae
215 3579 395 3649 cesenates?
419 3585 506 3646 idemq
524 3585 614 3652 ‚,aiia‚
630 3587 732 3655 inquit,
748 3589 782 3638 ab
800 3586 987 3642 Grammaticis
1001 3587 1091 3639 libra-

104 3668 189 3720 riisve
204 3673 271 3720 suot
285 3668 465 3734 interpolata,
486 3669 637 3724 contendas
653 3674 751 3732 poetae
766 3671 812 3722 vel
828 3669 1017 3720 additamentis
1032 3667 1092 3720 auia

104 3752 341 3814 amplificantibus,
368 3752 412 3802 vei
435 3752 459 3801 si
482 3761 563 3815 quiam
582 3751 708 3803 lacunam
729 3752 757 3804 in
773 3750 859 3814 codd,
877 3749 1090 3804 animadvertis·

104 3838 173 3894 sert,
191 3836 326 3885 deiectum
344 3835 492 3885 verborum
508 3835 606 3895 poetae
624 3837 763 3898 utcunque
776 3834 1013 3892 resarcientibus,”
1030 3835 1088 3885 Nc-

106 3927 158 3979 qnc
174 3917 248 3968 adrrd
264 3916 324 3982 quid
342 3928 460 3981 uuquam
477 3905 579 3982 poterit
594 3914 623 3968 in
639 3917 773 3992 Sopiooiu
790 3915 925 3982 indagari.
938 3941 972 3954 -
