2776 4656
72 511 75 516 ¹
149 529 308 585 commotus
338 524 434 584 causis
462 525 664 598 gramaticus
693 527 752 582 ista
778 523 892 582 ratione
927 527 1141 584 enumeraverit

146 611 280 675 ishulasi
317 616 450 674 Profecto
468 617 548 672 nulla
566 616 735 672 fateor-nisi
759 618 793 671 ut
816 615 949 672 ordinem
978 615 1141 674 fabularum
1186 601 1190 608 ¹
1260 642 1270 654 ·

147 723 270 782 quarum
298 708 467 777 argumenta
495 709 676 782 enarrasset,
705 708 766 762 tam
799 708 965 762 accuratum
998 709 1139 784 servaret,

146 815 236 872 quam
264 797 443 870 antiquiores
472 811 539 852 eum
573 796 793 854 constituissent
815 795 1011 867 ,grammatici
1055 796 1140 863 Quod
1251 833 1255 836 -

76 889 84 896 '
145 904 234 963 quom
251 881 397 946 recentior
414 887 559 962 interpres
577 887 740 962 ignoraret,
766 885 803 943 de
827 885 975 944 Alcestide
995 886 1085 944 dixitz
1104 883 1139 945 ui
1186 949 1199 974 ρ

145 974 250 1059 δρᾶμα
268 973 400 1051 ἐποιήθη
418 977 480 1036 ιιτλ.
989 967 1001 1012 1

214 1069 410 1130 ‚Dinscahcis
429 1071 543 1145 autem,
572 1085 647 1143 quae
664 1067 799 1140 inprimis
818 1083 836 1122 o
855 1066 1024 1127 Callimachi
1047 1083 1137 1140 opera

144 1161 296 1235 sumserit,
332 1159 510 1228 singularum
537 1158 698 1215 fabularum
725 1155 889 1226 ὑποθέσεις
917 1156 1079 1227 subjunxit:
1107 1157 1139 1212 in

143 1250 268 1324 quibus,
298 1263 370 1322 quos
399 1247 516 1304 demum
540 1248 655 1318 mythos
681 1247 719 1304 ad
737 1260 828 1302 unum
847 1262 948 1304 omnes
965 1246 1082 1315 Tragici
1099 1275 1139 1290 -

143 1340 274 1412 loquitur
291 1337 387 1394 'etiam
404 1337 615 1410 Aristophanes
639 1341 753 1397 tantum
777 1336 816 1392 de
839 1337 932 1394 tribus
956 1335 1138 1410 principibus

145 1427 326 1499 Tragoedias
338 1459 377 1472 ·-
395 1426 534 1500 deinceps
552 1430 750 1502 usurpassent,
771 1442 844 1499 quos
863 1443 938 1482 unus
957 1426 1137 1484 solummodo

145 1518 250 1594 drove,
269 1520 403 1574 accurate
422 1511 620 1589 investigaret
659 1519 706 1574 Ita
724 1517 761 1574 da
779 1516 945 1587 Aeschyleo
962 1517 1137 1576 Prometheo

142 1641 182 1654 -
198 1607 329 1681 namque
349 1605 561 1681 Aristophanes
595 1607 697 1680 procul
726 1606 816 1664 dubio
844 1607 1007 1678 argumenti
1029 1609 1157 1677 auctor

110 1711 116 1720 ‘
142 1702 189 1756 cst
205 1729 245 1744 -
263 1699 360 1754 dicere
384 1698 495 1769 potuit:
519 1698 612 1753 κεῖται
637 1691 670 1752 δὲ
693 1693 902 1771 ἡμοθοποιίο
927 1693 958 1755 ἐν
981 1695 1137 1775 superdei·-

141 1801 188 1850 σει
206 1783 292 1865 παρὰ
315 1785 467 1863 Σοφοκλεῖ
488 1779 519 1842 έν
542 1784 684 1862 Κολχίσι,
709 1781 794 1864 παρὰ
819 1780 853 1843 δὲ
875 1780 1028 1865 Εὐριπίδῃ
1054 1783 1134 1857 ὅλως

142 1877 178 1938 οὐ
197 1879 307 1948 usitata
323 1877 367 1933 ita
384 1876 499 1932 tabulae
518 1876 697 1947 Aeschylaae
715 1876 778 1933 Vll.
798 1876 864 1935 adv.
884 1877 975 1934 Theb.
995 1891 1136 1948 personas

143 1985 209 2026 cum
227 1966 395 2039 Euripideis
421 1969 452 2022 et
477 1966 644 2038 Sophocleis
669 1967 848 2042 composuit,
879 1967 922 2023 ita
947 1967 1073 2040 deniquo
1098 1966 1144 2024 de.

141 2056 272 2128 ejusdem
298 2059 403 2129 poetae
432 2057 642 2114 Eumenidibns
670 2057 863 2130 praedicavit:
892 2055 961 2136 παρ’
990 2052 1136 2135 οὐδετέρῳ

135 2139 183 2228 (1
193 2165 223 2206 e.
243 2162 339 2219 neque
365 2146 445 2219 apud
463 2146 636 2218 Sophoclem
653 2161 748 2217 neque
773 2145 852 2218 apud
870 2143 1056 2227 Euripidem)
1075 2148 1136 2205 κεῖ-

140 2255 191 2294 ται
209 2235 227 2309 ἦ
245 2235 430 2312 undescota.
449 2267 488 2280 -
512 2237 579 2303 Quo
601 2236 750 2310 pertinent
774 2235 864 2291 etiam
889 2240 1059 2306 argumenta
1084 2239 1134 2294 So·

139 2327 235 2401 phool.
254 2327 398 2398 Antigona
424 2327 517 2384 κεῖται
542 2322 575 2384 δὲ
593 2325 610 2400 ἡ
630 2317 750 2401 pedon.
775 2326 825 2384 zai
843 2324 911 2402 παρ’
933 2320 1086 2404 Εὐριπίδῃ
1104 2321 1136 2382 έν

138 2415 306 2495 Αντιγόνῃ,·
330 2418 482 2481 Philoetet
507 2418 601 2476 κεῖται
619 2411 652 2474 δὲ
670 2418 720 2474 κοιλ
738 2415 806 2495 παρ’
818 2413 974 2493 -Αέσχύλῳ
993 2415 1010 2489 ἡ
1029 2414 1135 2492 μυθο-

138 2511 241 2578 ποιέοι,
266 2537 305 2552 -
328 2508 459 2582 Euripid.
485 2508 564 2564 Med.
590 2505 657 2587 παρ’
681 2499 825 2584 οὐδετέρῳ
843 2507 938 2564 κεῖται
961 2504 978 2578 ἦ
1003 2506 1135 2582 padam,

133 2598 278 2681 ,Alcestid
298 2596 366 2676 παρ’
389 2593 535 2676 οὐδετέρῳ
554 2597 632 2668 nrt,
650 2597 754 2654 Bacch.
775 2594 793 2668 ἡ
811 2595 932 2670 podest.
951 2597 1044 2654 κεῖται
1062 2595 1134 2676 παρ’

137 2686 285 2764 Αἰσχύλῳ
304 2683 335 2745 ἐν
353 2685 484 2758 Πενθεῦ
502 2687 653 2745 Phoeniss.
673 2686 764 2764 ταύτῃ
782 2685 841 2763 γάρ
860 2685 896 2761 τῇ
908 2683 1057 2742 ὑποθέσει
1078 2684 1135 2742 κά-

138 2779 232 2848 κεῖνος
248 2778 355 2858 χρῆται
374 2771 405 2834 έι
422 2774 469 2854 aqi
493 2770 619 2856 δευτέρῳ
633 2771 704 2858 ¹⁷⁰).
729 2807 769 2822 -
791 2777 882 2835 Porro
907 2775 946 2832 ad
971 2775 1134 2846 argumenti

139 2869 354 2927 enarrationem
368 2885 473 2926 scenae
485 2883 732 2942 personarumque
744 2869 970 2941 descriptionem
984 2867 1133 2924 annexuit.

138 2961 258 3032 Singula
276 2959 379 3022 afferre
404 2960 538 3033 exempla
562 2958 669 3015 taedot.
707 2959 842 3031 Denique
863 2957 976 3028 judicia
989 2956 1135 3028 ‘adjunxit

138 3051 303 3108 devirtuto
322 3067 356 3107 ae
373 3049 554 3124 praestantia
572 3048 742 3125 fabularum,
762 3051 904 3122 quatenus
924 3050 975 3104 aut
993 3047 1132 3104 victoriae

137 3144 304 3216 reportatae
325 3141 437 3197 eladius
457 3143 594 3213 acceptae
613 3139 788 3196 conveniret.
808 3171 847 3184 --

212 3233 279 3289 Jam
303 3246 374 3286 vero
398 3230 610 3304 Aristophanes
640 3245 700 3288 non
724 3230 854 3303 pedestri
882 3231 976 3288 solum
1000 3227 1132 3285 oratione

137 3323 308 3394 argumenta
327 3320 514 3396 conscripsit,
535 3322 587 3377 sed
605 3320 738 3375 versibus
758 3335 871 3392 quoque
890 3319 976 3394 lusit,
1002 3321 1036 3374 ut
1054 3316 1133 3376 ὐπο-

136 3411 240 3481 θέσεις
259 3407 400 3487 ἔμπειροι
426 3409 531 3466 docent
555 3409 594 3466 ad
612 3409 762 3483 Sophochs
782 3410 886 3483 Oedip.
905 3410 993 3485 Rea,
1018 3408 1131 3466 Aristo·

137 3487 243 3577 phariis
261 3501 475 3576 Acharnenses,
494 3500 627 3577 Equites,
646 3503 775 3576 vespas,
794 3499 883 3576 Ares,
904 3499 1130 3558 Ecclesiauusas.

137 3625 339 3641 m

205 3685 484 3774 remuneramus
510 3706 596 3758 mrdtc
624 3705 767 3760 recentior
794 3703 984 3768 Aristophanis
1011 3705 1130 3768 nycart.

139 3803 225 3854 opera
241 3803 322 3852 anua,
340 3793 427 3844 verta
443 3786 505 3855 ejus
522 3801 586 3840 oum
601 3789 662 3838 sula
677 3789 765 3849 lpalus
782 3786 914 3838 conrndlt.
947 3787 990 3838 Ite
1007 3789 1130 3852 tempore

138 3876 242 3934 auten,
259 3885 313 3938 quo
330 3873 442 3928 fatuae
459 3874 537 3926 certo
547 3869 651 3936 ,ordine
668 3867 823 3932 explicatae
838 3867 908 3934 slot,
926 3868 989 3922 vide
1003 3869 1103 3932 iscire,¹
