2776 4656
614 345 981 428 484&

284 531 401 590 criticae
422 528 581 603 specimina
600 525 768 584 exhibuisse
786 525 904 601 putam.¹
921 553 959 568 -
985 523 1120 583 oeream
1145 520 1276 585 mano

284 637 347 678 sam
352 619 485 676 Matteri
505 611 607 695 (Essai
626 617 728 674 histor.
747 617 802 691 Ip.
815 614 889 698 251)
906 615 1126 673 annotationem
1137 615 1277 690 perstrin-

284 727 353 784 gere
370 709 500 766 debebat
518 708 644 778 Parthey
662 702 705 788 (v.
725 707 801 764 Mus.
822 707 954 780 Alenp.
976 699 1112 786 134).·

232 822 237 831 ·
279 817 282 824 ’
358 800 399 857 ili
416 801 478 855 iera
498 801 565 856 sunt
583 798 781 875 Grammatici,
802 812 874 870 quos
893 812 947 870 per
966 794 1123 853 secundam
1140 796 1243 852 hano
1233 811 1278 855 ru-

284 889 502 964 terpretationis
522 890 650 944 Graecae
670 892 797 944 aemtcm
822 889 884 944 sive
904 886 1055 958 iunctim
1045 899 1079 942 ιιι
1098 889 1157 942 tres
1176 887 1278 958 Tragi-
1290 958 1294 962 ⁵

284 997 335 1037 cos
355 980 417 1035 sive
441 978 479 1034 in
492 993 582 1032 unum
602 994 618 1033 e
637 976 730 1033 tribus
756 979 915 1035 alterumve
941 975 1150 1032 commentatos
1170 991 1242 1032 esse
1262 993 1279 1032 e

281 1057 372 1126 certis
392 1067 508 1124 indiciis
527 1066 610 1141 potui
630 1064 773 1144 cplligere.
811 1069 920 1125 Verum
938 1065 1017 1138 quod
1036 1081 1074 1120 ex
1092 1064 1211 1135 ingente
1230 1065 1280 1121 illa

285 1159 536 1231 grammaticorum
554 1156 817 1214 Alexandrinarum
841 1157 905 1213 acie
929 1158 990 1212 tam
1014 1165 1128 1231 paucos
1147 1153 1279 1220 nornine·

282 1251 392 1324 verim,
418 1242 733 1320 noli'quaesomirari.
771 1248 871 1303 Plures
891 1245 970 1302 e'nim
988 1245 1141 1318 quominus
1161 1244 1279 1301 afferam

285 1342 315 1395 ct
335 1329 444 1394 scholia
463 1340 563 1394 vetant
582 1333 701 1408 antiqua
720 1339 751 1392 et
768 1337 873 1409 reliqui
892 1337 1048 1409 scriptores
1072 1337 1202 1410 veteres,
1229 1334 1279 1408 'qui

283 1429 360 1485 malo
385 1425 470 1483 nobis
496 1419 659 1497 damnoque
683 1427 801 1482 nomina
823 1423 1167 1500 interpretum'operave
1181 1423 1279 1480 dissi·
1372 1417 1373 1430 ¹

284 1518 475 1576 mulavcrunt.
513 1518 622 1573 Verum
647 1514 794 1572 enimvero
818 1512 852 1571 ut
877 1516 909 1571 iu
928 1515 1070 1572 secundae
1089 1513 1204 1588 periodi
1223 1516 1279 1571 ieci

286 1607 481 1681 descriptione
513 1608 544 1660 et
572 1605 636 1678 ipsc
668 1607 799 1662 consulto
827 1599 1010 1678 praetermisi
1045 1605 1279 1679 glossographus,

282 1693 436 1773 metricos,
455 1695 597 1772 musicos,
622 1711 660 1751 uc
679 1711 760 1752 mero
778 1697 927 1753 nominum
945 1695 1076 1765 catalogo
1093 1694 1218 1752 lectores
1235 1697 1279 1751 ol·

283 1788 441 1846 tenderem.
479 1789 612 1860 Namque
630 1776 746 1843 illorum
771 1787 1011 1862 virorum,'5quos
1031 1785 1184 1842 inalienis
1208 1799 1278 1857 ope-

216 1900 219 1906 ·
282 1878 473 1936 ribusetiam
492 1878 630 1947 Tragicos
649 1868 845 1950 tragicumque
865 1879 957 1934 arbem
975 1876 1166 1932 illustravisse
1184 1875 1278 1948 suspi-

155 1947 165 2018 ἰ
284 1970 344 2025 cari
363 1969 481 2042 possis,
501 1968 656 2040 unicuique
675 1968 818 2021 famosum
836 1958 923 2022 ulid:
942 1967 1096 2042 Fortasse,
1116 1965 1178 2022 vol:
1196 1965 1277 2021 vide·

281 2061 546 2131 tur,·praeponere
558 2061 658 2128 paene
676 2055 831 2112 ridiculum
848 2057 932 2112 foret.
951 2085 990 2100 -
1014 2057 1117 2122 Quare
1130 2071 1222 2128 pauca
1241 2054 1278 2109 de
1372 2115 1373 2120 1

177 2186 181 2200 .
276 2145 420 2202 universa
438 2145 524 2215 hujus
544 2146 648 2202 aetatis
666 2145 764 2202 indole
788 2149 821 2201 et
840 2145 1006 2202 conditione
1025 2145 1139 2202 addam.
1176 2144 1279 2200 Liceat

287 2231 385 2320 auum
405 2235 561 2292 secundam
579 2236 654 2292 hanc
670 2227 928 2308 interpretationis,
941 2238 1067 2292 aetatem
1079 2234 1216 2291 criticam
1226 2251 1278 2308 ap-

278 2326 401 2400 pellare.
433 2325 598 2398 Iterumque
618 2328 651 2379 ut
668 2341 706 2382 ne
724 2327 908 2382 Homericam
924 2325 1195 2398 interpretationem
1213 2333 1278 2382 enm

287 2415 403 2472 scenica
421 2430 571 2487 compares
596 2430 713 2470 monere
734 2416 864 2473 sufficiat
903 2413 1047 2487 Exceptis
1063 2415 1140 2470 enim
1158 2411 1278 2472 litoroso

284 2503 349 2560 istis
369 2503 559 2560 difficiliorem
584 2505 786 2578 quaestionum
811 2505 971 2577 glossisque
990 2505 1144 2592 Homerica
1169 2504 1279 2562 scholia
1372 2509 1373 2586 ξ

247 2640 248 2643 ι
283 2611 304 2666 a
320 2594 450 2664 Tragicis
469 2611 507 2652 ne
536 2595 629 2654 dicam
649 2613 667 2650 a
686 2595 836 2668 quibusvis
865 2595 929 2652 aliis
957 2597 1020 2651 toto
1049 2592 1129 2649 coelo
1159 2593 1276 2670 ‹hstant
1372 2621 1373 2640 ι

284 2684 399 2756 Quippe
418 2684 576 2741 Homerum
596 2683 783 2741 Grammatici
803 2685 886 2758 quasi
904 2699 1012 2742 novum
1036 2683 1158 2741 reddere
1185 2683 1278 2741 ¹coacti

274 2778 383 2850 *erant3
404 2769 510 2846 quique
530 2774 567 2830 de
586 2775 651 2848 ipso
671 2771 789 2832 auctore
809 2777 961 2849 tantopere
975 2772 1156 2849 dubitabant,
1175 2772 1213 2846 de
1233 2777 1276 2830 to·
1372 2789 1373 2820 ι

283 2855 370 2936 taque
390 2863 549 2919 carminum
567 2866 668 2940 forma,
688 2866 711 2920 ii
729 2867 859 2937 profecto
879 2865 991 2934 singula
1010 2864 1099 2921 verba
1117 2863 1276 2920 innumeris
1311 2927 1314 2934 Ι

169 2947 170 2950 ’
282 2954 354 3009 locis
374 2953 545 3044 addubitare
571 2954 725 3010 debebant.
765 2955 952 3024 Tragicorum
977 2959 1077 3011 contra
1101 2953 1276 3026 interpretes
1372 2945 1373 2962 ¹

183 3049 187 3056 '
276 3055 376 3116 paene
390 3042 567 3117 'idiographa
578 3047 735 3116 poetarum¹
748 3048 816 3100 ante
828 3046 928 3102 ocrrlos
940 3043 1102 3100 habebant:
1127 3046 1276 3116 utquam·
1372 3053 1373 3088 t

283 3149 390 3220 quam,
411 3133 461 3190 ubi
481 3133 655 3196 histrionum
673 3135 721 3192 vel
737 3134 937 3209 librariorum,
966 3133 1014 3190 vel
1037 3134 1204 3208 ineptorum
1221 3133 1276 3208 cri.

283 3224 407 3280 ticorum
421 3238 510 3278 ¹curas
529 3225 655 3280 renatare
681 3223 852 3298 studebant,
878 3224 995 3288 criticae
1021 3223 1092 3280 artis
1117 3222 1276 3306 specimina

283 3311 469 3388 exhibebant,
489 3312 658 3386 plerumque
675 3315 775 3372 tamen
786 3314 952 3389 historicae,
973 3313 1161 3388 aestheticae‚
1180 3301 1275 3384 gratn-
1372 3339 1373 3352 ¹

282 3401 406 3468 matioae
425 3403 658 3476 interpretationi
677 3404 857 3460 studuerunt
876 3431 916 3448 -
1055 3455 1057 3460 .

322 3491 491 3563 Denique
523 3509 610 3565 quam
639 3509 795 3552 maxumam
825 3495 987 3552 fabularum
1018 3460 1130 3574 copiam
1161 3458 1275 3572 tantum
1372 3497 1373 3508 ¹

274 3581 487 3652 ,Alexandrinis
506 3586 624 3654 praesto
643 3584 732 3639 fuisse
752 3586 880 3641 constat:
899 3585 987 3641 immo
1006 3601 1080 3660 quae
1099 3587 1168 3639 tunc
1188 3558 1276 3639 trium

282 3663 469 3740 Tragicorum
486 3671 602 3728 fabulae
628 3674 839 3750 superfuerint,
860 3691 909 3731 eas
928 3676 1047 3752 prorsus
1072 3689 1172 3730 omnes
1192 3687 1274 3732 usur·

281 3751 365 3830 pates¹
390 3763 427 3818 ab
452 3751 509 3819 illis
538 3779 603 3820 esse
632 3757 832 3822 certissimum
844 3769 896 3821 est.
932 3763 1104 3844 Namque
1095 3779 1127 3819 ιιι
1154 3761 1274 3820 alteram

281 3849 441 3916 fabularum
467 3853 681 3930 collectionem,
713 3853 868 3912 exstabant
899 3858 996 3910 autem
1020 3853 1061 3910 ut
1078 3853 1150 3912 alibi
1174 3852 1273 3910 monui
