2792 4670
532 359 737 426 -ρς,

138 521 354 600 interpolnmnt
369 526 493 600 postam,
513 523 615 584 invitis
625 523 663 584 iis
682 521 854 582 tonasse'lu
872 519 1062 596 sequentibus
1079 521 1132 602 huy

137 621 266 693 putatur,
277 615 471 688 interpolatio.

148 737 151 744 ’
215 708 309 765 Schol.
329 707 407 764 Med.
428 707 497 764 149:
522 701 585 776 ἄῑες
603 695 629 764 ὦ
646 700 722 786 Ζεῦ]
748 699 783 762 τὸ
802 700 881 774 ἅῖες
898 701 917 761 δ
935 697 1071 779 Δίδυμος
1089 699 1134 773 ὥς

138 795 218 879 πρὸς
235 795 289 868 τὰς
306 798 359 856 τοῦ
375 797 468 876 χοροῦ
487 799 560 874 port
583 794 728 870 λέγεσθαι
751 793 908 868 ἠκούσατε,
934 796 984 852 καί
1002 792 1036 852 οὗ
1056 790 1133 874 πρδς

137 887 193 948 τὸν
209 889 286 947 Δία·
312 883 438 968 {reicies
456 879 508 945 οὖν
526 883 561 946 τὸ
585 884 657 944 Ζεῦ
680 885 813 960 καίεγᾶ
836 886 898 942 καί
927 883 1019 963 φῶς·
1044 885 1133 944 τοῦτο

26 983 33 992 ”
139 975 176 1040 δὲ
189 973 422 1054 Ἀπολλόδωρος
440 979 491 1051 τῆς
514 972 654 1051 Μηδείας
678 977 782 1054 φησὶν,
806 971 869 1038 ἀπὸ
889 969 922 1032 δέ
946 976 1000 1034 τοῦ
1024 971 1134 1052 ἰαχὰν

138 1071 194 1130 τοῦ
214 1071 323 1150 χοροῦ,
352 1069 383 1128 ἵν’
406 1067 462 1147 ’ἔχῃ
486 1068 575 1143 λόγον
598 1064 634 1126 τὸ
665 1065 849 1144 adulterimo
879 1063 974 1140 Θέμιν
998 1064 1134 1124 εὐκταίαν

138 1160 222 1234 Ζῆνά
240 1179 287 1231 τε,
306 1155 350 1240 (v.
373 1154 444 1240 171)
462 1156 532 1230 τους
550 1153 579 1216 δ’
601 1153 763 1235 ὑποκριτὰς
788 1159 926 1233 συγχέειν.
963 1158 1134 1231 Explicatur

139 1253 283 1310 soholium
300 1251 410 1321 majore
429 1251 480 1306 illo
499 1250 538 1305 ad
555 1266 582 1306 v.
604 1249 667 1305 171.
710 1247 818 1304 Nescio
845 1263 903 1320 quo
926 1246 990 1318 jure
1005 1249 1132 1321 Apollo-

139 1343 228 1400 dorus
247 1341 400 1399 Tarsensis
419 1339 456 1396 de
475 1339 621 1396 actoribus
641 1339 737 1398 dicero
753 1338 899 1415 petiuerit:
928 1338 979 1410 τῆς
997 1335 1133 1416 ἀμφιβο-

138 1432 208 1502 λίας
233 1429 345 1498 αἰτίους
369 1424 444 1486 εἶναι
467 1426 537 1499 τούς
560 1424 739 1509 locupleta·
771 1431 945 1504 συγχέοντας
971 1424 1009 1487 τὰ
1025 1424 1140 1508 guent

137 1523 203 1592 τοῖς
219 1517 279 1579 ὑπὸ
298 1514 439 1594 Μηδείας
457 1519 634 1594 λεγομένοις.
670 1518 728 1584 Qui
746 1514 837 1576 vorot
868 1520 1030 1576 Possuntue
1045 1520 1133 1579 (thori

137 1613 253 1672 cantica
271 1629 337 1668 eum
355 1611 490 1684 partibus
505 1615 636 1668 aetorum
654 1605 812 1666 confundit
849 1610 898 1666 An
916 1612 1030 1684 tempus
1049 1609 1131 1687 illud,
1182 1661 1185 1670 .

99 1771 103 1780 ,
138 1721 198 1778 quo
216 1706 331 1762 actores
351 1719 405 1758 suo
424 1703 519 1758 Marto
539 1701 700 1756 edidissent
723 1700 835 1758 fabulas
855 1703 942 1774 atque
961 1701 1132 1774 interpolas·

138 1797 223 1869 sent,
249 1793 414 1864 respexerit
437 1787 653 1864 Apollodorust
689 1789 834 1862 Equidem
859 1807 914 1864 pro
942 1791 1132 1848 histrionibus

138 1885 221 1958 loqui
240 1885 356 1940 coaetus
375 1898 453 1938 sum:
472 1897 639 1954 merumque
652 1881 844 1952 interpretum
856 1884 1049 1942 commentum
1066 1899 1133 1938 esse

140 1975 281 2048 arbitror,
306 1975 357 2046 qui
379 1973 467 2030 nimis
492 1973 596 2049 anxie,
621 1975 654 2028 ut
677 1975 808 2028 aetomm
832 1972 922 2029 verba
947 1971 1005 2028 sibi
1029 1972 1132 2029 melius

137 2066 309 2137 faciliusque
337 2064 564 2138 responderent,
592 2063 765 2120 curaverint
818 2062 909 2128 Quod
935 2078 1024 2136 quum
1055 2061 1132 2120 bene

138 2154 202 2212 fieri
220 2171 281 2211 nou
299 2157 422 2228 posset,
439 2153 488 2209 vel
506 2153 543 2208 ab
568 2153 633 2225 ipso
651 2153 778 2223 Didymo
801 2154 893 2212 rerba
911 2151 1034 2234 ariperto
1053 2149 1140 2232 φλόξ

139 2245 212 2302 miro
231 2243 318 2300 mo'do
329 2243 481 2316 ,explicata
500 2245 567 2300 sunt
581 2236 635 2323 Η).

186 2387 190 2394 ,
215 2334 308 2392 Schol.
328 2334 405 2392 Med.
426 2352 453 2389 v.
473 2334 544 2390 3602
570 2330 605 2391 οὐ
624 2331 681 2414 γάρ
700 2353 729 2392 τι
747 2327 882 2415 δράσεις]
902 2327 1039 2410 Δίδυμος
1055 2331 1130 2410 μετὰ

138 2424 227 2510 τοῦτο
253 2427 336 2504 φέρει
359 2420 394 2482 τὸ
420 2425 505 2500 σιγῇ
531 2417 673 2502 δόμους
697 2421 855 2500 ε1σβᾶσ’,
880 2423 918 2484 ἵν’
946 2423 1132 2504 ἔστρωται

138 2515 260 2592 λέχος,
285 2517 335 2572 καί
357 2516 510 2592 μέμφεται
533 2517 596 2585 τοῖς
619 2513 807 2594 ὑποκριταῖς,
833 2513 875 2586 ὥς
894 2513 1024 2596 ἀκαίρως
1041 2513 1132 2576 αὐτὸν

138 2606 318 2666 τάσσουσιν·
337 2609 368 2662 et
387 2607 475 2664 schol
494 2606 573 2664 Med
587 2606 651 2667 383.
671 2603 828 2688 ἦθρντόν]
849 2597 909 2664 ὦδε
919 2605 1017 2677 καλῶς
1027 2609 1131 2668 κεῖται.

138 2691 275 2771 Δίδυμος
307 2697 496 2771 σημειυῦτυι,
529 2693 576 2756 ὅτι
599 2697 695 2766 κακῶς
727 2693 757 2754 ei
781 2696 941 2776 ὑποκριταί
969 2697 1132 2756 τάσσουσιν

140 2782 191 2844 ἐπὶ
218 2786 278 2844 τῶν
306 2781 388 2844 δυοῖν
412 2784 447 2846 τὸ
477 2788 564 2864 σιγῇ
591 2782 733 2864 δόμους
761 2785 947 2864 εδσβᾶσα,
984 2787 1086 2848 κου’σω
1112 2787 1132 2864 ἤ
1165 2773 1170 2792 ’

141 2874 249 2956 σφάξαι
267 2873 385 2948 αὐτους.
402 2879 564 2938 -Tribus
588 2879 660 2936 loeis
684 2879 763 2937 idem
781 2897 882 2936 versus
907 2880 1061 2955 aliquando
1079 2898 1131 2956 po·

140 2969 318 3027 situs-erat:
350 2973 419 3044 ppst
442 2987 470 3027 v.
497 2971 549 3045 40,
579 2973 648 3044 post
672 2986 698 3026 v.
725 2972 796 3046 360,
822 2973 890 3044 post
910 2989 938 3028 v.
964 2973 1028 3029 383.
1085 2959 1150 3029 lta¹

140 3063 255 3116 veteres
273 3063 457 3135 interpretes.
495 3061 577 3117 luter
594 3062 770 3118 recentiores
789 3062 979 3139 Valckenaer,
999 3063 1129 3139 Pierson,

139 3151 283 3208 Matthiae
301 3156 369 3224 post
386 3169 414 3209 v.
435 3151 487 3227 40,
507 3152 678 3228 Musgrave,
697 3153 855 3229 Dindorfii,
874 3153 1017 3230 Elmsley,
1036 3154 1130 3210 Bothe

139 3244 208 3316 p'ost
231 3257 259 3297 r.
288 3241 343 3297 382
372 3259 439 3298 eum
466 3243 651 3299 collocarunt.
701 3243 821 3314 Didymi
848 3243 993 3300 sententia
1020 3237 1131 3301 nemini

140 3331 263 3408 probata
293 3334 347 3386 est
403 3333 493 3390 Immo
524 3333 678 3404 Elmslcjus
709 3333 747 3390 ad
777 3351 805 3390 v.
830 3331 886 3389 285
918 3350 956 3390 an
985 3327 1131 3409 pertineat

140 3423 258 3480 omnino
286 3421 427 3480 scholium
455 3422 577 3480 dubitat.
627 3424 715 3496 Cujus
739 3424 796 3480 viri
820 3427 995 3484 sententiam
1018 3442 1130 3483 summo

141 3513 237 3571 studio
256 3513 377 3587 accipio.
415 3515 523 3571 Versus
541 3515 588 3572 his
608 3515 702 3572 dictus
722 3519 768 3572 est
786 3514 823 3572 ab
835 3517 985 3596 Euripide,
1004 3518 1129 3593 primum

142 3639 339 3654 *d

207 3720 253 3783 tt)
274 3723 316 3774 lte
339 3722 461 3774 tordius
485 3734 501 3773 e
525 3722 621 3785 quihus
646 3722 769 3776 hauserit
792 3735 846 3776 sua
868 3695 1070 3792 Apollodorus,
1099 3737 1129 3775 v.
1190 3743 1192 3748 ·

142 3803 222 3858 lutra.
259 3805 391 3867 Didymus
414 3807 505 3858 antem
521 3804 595 3856 illius
611 3805 864 3871 interpretationem
880 3805 1128 3883 comisatolloruur

146 3888 341 3954 senectutibus
358 3889 573 3942 communicavit.
