2776 4656
575 303 897 370 ,-ao-

293 465 386 542 qualis
405 463 504 540 operis
521 463 635 524 indoles
654 465 742 524 fuerit
759 465 844 525 facile
863 466 998 538 colligare
1017 463 1096 540 quod
1114 465 1153 525 ad
1165 466 1293 542 primaru

291 558 384 628 magis
410 548 554 630 quemad
573 557 731 614 secundam
755 558 830 615 hauc
854 557 1007 632 periodum
1031 558 1179 632 pertinere
1198 558 1291 616 dieas.

292 649 360 707 Alia
379 663 494 722 quoque
521 648 709 704 Grammatici
735 649 844 724 scripta
868 665 887 705 a
912 648 1077 706 scholiastis
1101 649 1293 720 Tragieoruru

294 741 510 814 memorantur,
529 740 563 794 ut
581 738 620 796 A.
640 733 671 796 ἓν
690 735 736 814 τῷ
752 740 823 817 περὶ
841 739 987 813 ποταμῶν
1006 739 1045 796 ad
1062 740 1132 798 Eur.
1152 739 1241 814 Hipp.
1262 757 1291 798 v.

293 830 357 888 121.
378 861 417 872 -
437 831 574 888 ceterum
592 829 663 886 alibi
682 828 746 900 ejus
765 830 874 888 mentio
894 823 1011 904 saepius
1029 830 1062 886 fit
1077 827 1148 910 ¹¹¹).

366 953 501 1026 Denique
512 969 528 1010 e
538 951 697 1026 primorum
706 953 959 1012 Aristarcheorum
968 967 1089 1010 numero
1099 951 1292 1010 exhibeamus

294 1043 523 1140 Dionysium
548 1041 741 1137 Thracem,
762 1060 869 1135 quippe
896 1077 1019 1136 querna
1039 1061 1196 1117 scholiasta
1219 1061 1292 1118 Eur.

295 1159 393 1216 Orest.
403 1176 431 1216 v.
444 1159 496 1215 ult.
509 1157 623 1214 laudari
635 1157 801 1216 arbitreris:
817 1151 902 1235 Πρὸς
913 1150 1046 1232 διάφορα
1056 1152 1226 1231 ἀντίγραφα
1235 1173 1293 1212 πα·

142 1290 145 1294 -
249 1311 250 1314 ¹
297 1251 506 1330 pays'ypomot
524 1243 556 1305 ἔκ
574 1248 628 1306 τοῦ
646 1246 797 1306 Διονύσου
817 1241 923 1324 (marg.
943 1263 989 1324 γρ.
1009 1242 1186 1326 Διονυσίου)
1211 1243 1292 1302 ὐπο-

292 1342 450 1415 μνήματος
469 1337 640 1418 ὁλοσχερῶς
649 1340 700 1396 καὶ
710 1337 776 1395 ’τῶν
788 1336 915 1412 μανῶν.
935 1334 1021 1403 Quod
1040 1335 1067 1390 si
1085 1335 1128 1414 its
1146 1335 1291 1412 sehabet,

298 1428 575 1500 habemusprimum
596 1427 851 1502 commentarium,
870 1440 958 1498 quem
977 1426 1014 1482 ab
1033 1425 1106 1499 ipsis
1126 1425 1292 1488 scholiastis

293 1520 465 1591 usurpatum
475 1534 540 1575 esse
554 1517 690 1575 sciamus.
710 1517 818 1586 Verum
832 1517 909 1572 inira
923 1516 1048 1592 demum,
1058 1515 1110 1572 ubi
1120 1515 1157 1572 de
1167 1515 1291 1574 scholio·

293 1607 692 1681 rumsupcrstitumsontibus
702 1615 856 1683 exponam,
864 1605 900 1682 de
909 1605 995 1663 istius
1005 1606 1108 1663 scholii
1117 1607 1290 1664 auctoritato
1355 1615 1356 1622 ’

292 1698 425 1772 pluribus
452 1685 602 1754 disseram.
626 1728 667 1742 -
693 1697 832 1770 Alioquin
856 1699 1127 1755 commentariorum
1155 1695 1290 1769 Dionysii

292 1787 413 1846 Thracis
438 1790 569 1861 proiecto
594 1789 674 1845 nulla
697 1788 830 1859 vestigia
875 1788 1007 1862 Namque
1033 1786 1222 1859 Etymologus
1247 1787 1286 1843 Μ.

292 1895 316 1938 s.
336 1878 512 1955 Διονύσιος,
532 1879 582 1952 qui
602 1879 675 1934 haec
693 1878 793 1934 affert:
811 1872 863 1934 τὸν
880 1874 987 1935 ἑαυτοῦ
1005 1871 1188 1936 διδάσκαλον
1209 1871 1288 1955 (Ad-

293 1963 457 2047 starchum)
478 1963 676 2046 ζωγραφήσας
694 1961 725 2024 ἒν
743 1966 786 2044 τῷ
804 1965 913 2039 στήθει
931 1967 1024 2026 αὐτοῦ
1047 1963 1101 2041 τὴν
1118 1961 1288 2046 τραγῳδίαν

290 2054 471 2137 ἔζωνροίφεν,
497 2051 599 2114 διὰ
566 2075 601 2114 το
628 2053 841 2129 ἀποστηθίζενν
865 2053 956 2116 αυτὸν
979 2057 1083 2116 πᾶσαν
1100 2053 1153 2130 τὴν
1170 2075 1289 2137 τραγῳ-

291 2141 375 2217 δίαν,
404 2146 461 2204 de
469 2146 633 2204 Aristarchi
661 2145 767 2204 studiis
796 2147 927 2218 Tragicis
956 2163 1010 2206 nos
1038 2149 1178 2264 certiores
1206 2149 1287 2276 lacit,

291 2237 427 2311 Dionysii
445 2237 496 2294 illa
514 2240 600 2296 tacet.
619 2268 660 2282 -

354 2359 526 2458 Solyma
549 2363 826 2462 Pet't‘patett'ctw
849 2377 940 2436 vitam
953 2379 1067 2455 Sopla
1058 2397 1090 2437 ur
1101 2378 1147 2436 Βί
1134 2339 1287 2470 turopers
1372 2403 1373 2468 j

294 2475 489 2549 descripsit¹¹
496 2470 534 2557 ¹.)
555 2476 678 2550 Saepius
696 2478 832 2535 laudatur
849 2477 935 2536 Vitae
955 2481 1043 2553 Soph.
1056 2479 1178 2536 Auctori
1190 2480 1286 2538 Auou.
1372 2477 1373 2488 ¹

291 2565 336 2623 ita
359 2566 393 2621 ut
419 2565 543 2624 eundem
573 2568 662 2625 etiam
691 2569 727 2626 de
756 2571 820 2626 arte
848 2569 1009 2643 Sophoclea
1036 2568 1131 2641 deque
1160 2570 1287 2628 inventis
1371 2585 1372 2596 ¹

290 2655 409 2726 Tragici
439 2657 591 2731 scripsisse
619 2659 775 2730 intelligas.
815 2660 984 2733 Quidquid
982 2659 1028 2716 de
1055 2641 1157 2730 nugis
1171 2676 1286 2733 quaec
1370 2722 1371 2736 χ

290 2745 386 2817 Satyri
405 2762 494 2819 opere
514 2765 532 2804 a
551 2749 692 2822 scriptore
711 2750 791 2806 vitae
810 2749 935 2808 afferunt
922 2754 980 2828 tur,
1000 2751 1128 2827 cogitas;
1157 2753 1286 2808 attamen

290 2837 326 2894 G.
346 2831 490 2898 Diodorfii
508 2839 597 2898 nimis
616 2839 721 2898 durum
740 2839 777 2898 de
796 2839 965 2916 biographis
979 2841 1122 2914 judicium
1140 2856 1201 2898 non
1220 2841 1285 2900 sub·
1368 2879 1370 2888 =

333 3146 335 3152 '
355 3145 419 3209 19⁰)
437 3147 500 3200 vir.
517 3151 598 3216 Diog.
615 3153 648 3202 L.
665 3153 716 3217 lv,
733 3152 767 3202 tt
785 3156 812 3203 et
827 3149 863 3220 ll,
880 3147 921 3214 it.
934 3151 1009 3202 uult.
1021 3166 1045 3211 s,
1063 3145 1282 3223 σεμνυνόμενος.
1367 3223 1368 3226 ¹

287 3231 423 3282 Athenae.
441 3231 495 3300 Xl,
513 3233 569 3291 566,
591 3235 683 3285 schol.
701 3235 828 3297 apollon.
844 3235 929 3291 ltlrod
946 3233 976 3301 l,
993 3234 1050 3293 967,
1066 3239 1151 3289 schol.
1168 3239 1282 3290 Theoor.

289 3311 325 3372 v,
342 3313 383 3363 61.
416 3314 551 3367 Fortasse
566 3316 637 3366 idem
660 3318 848 3385 auctorest,
872 3329 951 3381 quoru
974 3317 1115 3380 Luciacus
1137 3325 1283 3373 memorat:

288 3395 460 3462 symposius.
477 3398 508 3464 6,
526 3399 574 3449 89:
591 3397 662 3450 idem
679 3400 796 3464 denique
813 3400 859 3462 qui
875 3399 1027 3452 Ptolemaei
1049 3402 1127 3466 primi
1151 3402 1282 3466 epistolas

289 3477 414 3540 collegit:
442 3479 556 3531 lauotau.
584 3495 635 3544 pro
664 3482 746 3545 lapsu
768 3482 795 3532 lu
818 3483 972 3534 salutando.
1001 3497 1043 3547 op.
1071 3485 1114 3538 16.
1142 3509 1177 3523 --
1204 3487 1281 3537 Alius

288 3550 459 3616 Δανοσαδ.
496 3567 644 3620 ratonem
661 3574 733 3634 apua
748 3571 825 3630 uror.
842 3573 897 3624 sic.
913 3573 978 3638 xv,
996 3573 1038 3626 os.

354 3648 416 3713 111)
433 3649 475 3700 lte
492 3651 594 3713 satyro
613 3653 665 3710 vid,
681 3654 807 3704 Jouslum
825 3659 886 3706 fler.
903 3657 936 3706 li.
952 3656 998 3714 Pir,
1015 3657 1051 3720 ll,
1067 3657 1094 3724 6,
1112 3657 1136 3708 6.
1154 3653 1280 3710 Vossluur

257 3795 260 3801 .
289 3728 363 3786 litst.¹
376 3731 424 3784 tir.
440 3745 468 3794 p.
485 3732 519 3780 tt
536 3737 565 3784 ct
575 3733 625 3784 116
636 3747 677 3798 sq.
693 3755 728 3772 -·
744 3736 818 3788 Βίων
835 3738 928 3800 operis
945 3738 1055 3802 saaplrrs
1066 3737 1188 3791 meminit
1196 3742 1280 3792 Atla-

288 3821 376 3862 uaeus
393 3813 442 3879 vl,
459 3815 508 3864 tto
525 3817 544 3868 r.
561 3816 622 3877 xil,
639 3816 688 3868 611
701 3830 726 3870 c.
737 3818 808 3888 lim,
825 3819 876 3875 661
887 3833 912 3873 a
923 3819 963 3872 V.
976 3821 1067 3875 flciol.
1077 3823 1126 3875 Ar.
1143 3823 1229 3879 nasu.
1241 3822 1279 3878 at.
