2776 4656
644 310 853 388 „pq-

259 489 347 564 doph.
367 484 440 545 Oed.
467 485 527 543 Col.
547 483 618 561 ³88,
644 484 723 558 quod
747 484 794 541 his
818 481 917 539 flnitnr
941 479 1055 539 vorbis:
1084 473 1252 555 ἐβουλόμην

258 575 293 642 δὲ
316 573 423 647 αὐτοὺς
445 578 600 654 μαρτυρίᾳ)
626 572 805 654 χρήσασθαι
823 569 842 646 ἤ
860 572 1055 648 συγγραφέως
1074 567 1091 642 ἢ
1111 568 1236 640 ποιητοῦ
1241 585 1254 628 r

259 670 298 729 ad
315 669 397 728 illurn
415 666 632 738 gratnmatioum
650 668 749 723 refert.
787 663 931 734 Bergkius
956 664 1054 718 antem
1078 661 1253 726 incensore

258 759 358 832 Aiacis
386 750 665 837 Loheclrianae²¹¹)
694 753 864 813 scholiastes
898 754 1068 826 plerumque
1096 752 1208 806 tantum
1232 763 1252 804 a

258 847 378 920 Didymi
397 845 609 905 commentariis
627 845 883 920 interpretationes
902 843 1083 917 excerpsisse
1100 842 1188 918 paulo
1206 839 1253 896 di·

196 939 199 943 ’
260 939 394 998 stinctins
419 936 584 1012 contendit3
614 937 781 1009 scholisque
811 936 843 991 in
867 935 974 1008 quibus
998 935 1194 990 memorantur
1222 925 1254 988 ot

259 1027 521 1104 dropsqparrorat
546 1027 608 1084 sive
636 1023 666 1083 ol
690 1023 1023 1100 ὕπομνηματισάμειόι,
1054 1019 1255 1098 ὑπομνήματα

261 1115 357 1180 eidem
388 1116 582 1175 Grammatico
613 1115 753 1174 adscribit
783 1115 888 1172 omnia.
914 1145 953 1158 -
976 1115 1105 1180 Quorum
1134 1111 1254 1187 quidem

262 1209 436 1267 scholiorum
453 1210 567 1282 partem
586 1199 792 1264 examinemus.
811 1237 850 1250 -
1043 1219 1045 1224 ’

334 1300 472 1375 Primum,
492 1291 665 1372 quamquam
682 1298 840 1369 Didymum
858 1313 891 1354 re
909 1310 980 1354 vera
994 1295 1090 1368 justos
1109 1309 1254 1354 commen-

198 1422 201 1428 ·
261 1390 351 1448 tarios
371 1389 526 1463 scripsisse
542 1389 735 1445 certissimum
754 1391 815 1465 est,
845 1387 907 1458 ejus
933 1389 1031 1444 tamen
1054 1385 1216 1462 ὑπόμνημα
1235 1402 1255 1442 a

262 1479 425 1538 scholiastis
443 1494 503 1534 non
520 1481 704 1535 memoretur.
744 1476 829 1544 Quod
847 1478 905 1533 nisi
923 1477 1039 1535 inlehci·
1056 1489 1126 1535 casn
1144 1479 1255 1534 tactum

261 1573 350 1647 esset,
370 1568 549 1641 grammatici
568 1568 677 1642 scripta
695 1569 743 1625 vel
762 1585 780 1624 a
798 1568 973 1642 primoribus
993 1567 1158 1625 scholiastis
1170 1583 1255 1624 usur·

200 1678 202 1686 ’
261 1664 409 1735 μωίιοιι
433 1654 499 1716 e'sse
525 1657 723 1716 demonstrare
739 1661 851 1733 posset.
890 1659 931 1714 At
949 1659 1080 1731 prolecto
1103 1659 1178 1719 nihil
1204 1658 1255 1714 de·

260 1753 412 1811 monstrat.
449 1750 540 1806 Immo
560 1751 649 1806 schol.
669 1749 768 1821 Antiga
789 1750 840 1807 45:
866 1744 1003 1825 Δίδυμος
1028 1743 1061 1806 δὲ
1086 1749 1176 1825 φησῦν
1193 1743 1255 1804 ὑπὸ

260 1841 321 1900 τῶν
337 1837 606 1916 ὖπομνηματιστῶν
624 1836 677 1898 τὸν
695 1835 761 1910 ἑξῆς
781 1843 882 1916 στίχον
900 1837 1184 1897 veromadensem
1203 1853 1256 1894 an·

208 1953 210 1957 ’
262 1931 421 2006 tiqniornm
447 1933 641 2005 interpretum
664 1931 890 1987 commentarios
919 1933 1034 1986 tantum
1057 1946 1112 2003 per
1135 1928 1270 2000 Didymi

138 2061 145 2074 ,
262 2022 421 2080 editionem
449 2019 612 2078 schohastis
640 2019 802 2076 innotuisse
832 2020 902 2078 satis
932 2019 1040 2077 diserte
1070 2019 1149 2077 dicit
1189 2020 1255 2086 Quo

222 2143 224 2148 -
262 2111 381 2167 tandem
400 2126 488 2168 sensu
506 2109 617 2168 dictum
635 2109 689 2166 sitr
714 2107 980 2186 o‘ropvqporrsrat
1001 2110 1081 2168 haud
1104 2111 1148 2166 ita
1170 2109 1254 2166 facile

262 2201 474 2275 exphcandum.
512 2203 617 2273 Neque
640 2215 702 2272 ogo=
719 2217 822 2278 omnes
846 2202 965 2259 omnino
989 2201 1140 2276 Sophoclis
1156 2200 1255 2256 mter·
1304 2264 1307 2277 ι

262 2295 361 2366 protes
374 2291 585 2364 intelligendos
605 2307 670 2348 esre
690 2291 830 2350 arbitror:
850 2293 959 2367 q'uippe
979 2294 1029 2367 qul
1048 2307 1142 2366 aeque
1158 2291 1256 2348 minus

262 2399 297 2439 ac
315 2383 408 2440 nostri
427 2383 566 2458 philologi
585 2381 622 2437 de
641 2381 807 2452 hujusmodi
825 2384 913 2441 rebus
932 2385 1010 2440 inter
1028 2401 1060 2440 se
1073 2381 1256 2440 consensisse

262 2468 406 2528 videntur.
445 2473 542 2538 Quare
560 2489 598 2528 ne
616 2471 707 2528 iidem
726 2473 843 2547 quidem
863 2475 1051 2549 grammatici,
1071 2472 1186 2547 quoties
1204 2487 1257 2530 vo·

263 2563 365 2619 cantur
377 2558 407 2620 ot
418 2560 734 2640 ὕπομνηματισάμενοι
752 2557 842 2643 (Oed.
859 2565 918 2622 Cot
932 2564 998 2640 388,
1011 2565 1077 2641 390,
1091 2558 1174 2643 681.)
1193 2563 1266 2623 sire·

262 2649 293 2710 ot
310 2647 522 2729 ἐξηγησάμενοι
546 2649 637 2734 (Ood.
658 2649 897 2732 001.900,947)
927 2655 1064 2712 continuo
1092 2655 1256 2713 laudanture

261 2744 364 2818 Neque
384 2745 503 2802 tandem
521 2745 684 2816 Didymum
702 2745 898 2819 antiquiorum
909 2745 911 2751 “
922 2747 1114 2820 interpretum
1138 2745 1257 2804 nomina

263 2834 394 2892 consulto
406 2835 639 2909 praetermisisse
652 2837 732 2908 puto.
754 2835 785 2891 Si
804 2834 874 2908 quid
892 2841 1045 2910 peccatum
1063 2839 1095 2894 in
1107 2851 1186 2893 aare
1197 2839 1256 2914 cer,

262 2923 294 2981 id
313 2925 476 2982 scholiastis
495 2927 630 3000 imputes.
650 2955 689 2971 ·-·
706 2927 791 2984 Nunc
813 2930 931 2998 egomet
954 2921 1258 3002 redempt-upote·
1281 2933 1285 2940 “

262 3017 407 3088 sapsam
425 3019 493 3076 ante
512 3017 670 3088 Didymum
688 3017 727 3073 ad
745 3029 834 3074 unum
851 3031 954 3074 omnes
978 3017 1087 3074 vixisse
1112 3019 1257 3075 confiden-

262 3108 308 3162 ter
326 3106 478 3168 contendo.
510 3109 614 3181 -Atqno
632 3108 692 3181 ipsi
710 3108 882 3166 scholiastae
901 3109 1143 3181 semetpriomm
1162 3123 1256 3180 grum-

262 3197 433 3257 maticorum
457 3195 535 3254 dicta
559 3197 676 3254 aliunde
701 3199 841 3256 sumsisse
865 3199 1053 3272 profitemur:
1082 3200 1255 3258 nimirums

261 3282 381 3358 Didymi
400 3288 622 3348 commentariis.
641 3317 700 3334 --

269 3413 274 3424 ·
335 3379 419 3443 Quae
438 3378 555 3452 quidem
574 3379 660 3437 modo
684 3384 763 3439 recte
784 3381 971 3464 disputavero
984 3382 1145 3453 'Didymum
1170 3395 1255 3456 prac-

261 3549 460 3564 m

200 3705 208 3716 .
327 3646 436 3732 autc.
453 3654 616 3727 naumain,
635 3671 805 3736 l.1.nerglr.
828 3671 856 3723 ιη
874 3675 906 3723 s.
923 3673 955 3724 r.
978 3673 1010 3722 u.
1031 3685 1058 3723 a.
1075 3650 1148 3726 'reso
1172 3684 1199 3723 n.
1222 3673 1255 3724 as

259 3761 286 3808 p.
304 3747 362 3800 589.
397 3751 487 3803 Allert
502 3753 601 3804 scholl.¹
616 3749 682 3803 Oed.
705 3748 764 3806 Col.
787 3753 849 3817 ³88,
873 3755 937 3822 89⁰3
962 3749 1109 3822 aal,‘olr.
1133 3753 1174 3808 El.
1192 3753 1255 3808 ms:

262 3830 343 3882 edam
359 3831 441 3894 plura
457 3836 656 3888 Lachmannus·
1064 3845 1068 3852 ’
