2792 4670
679 397 722 408 ..
761 361 805 428 ω
844 397 886 410 ...

285 523 388 582 ditium
412 521 577 598 rationique
607 524 733 584 tribuam
764 526 919 601 plurimum
942 527 1032 586 etiam
1049 528 1122 603 ipsis
1145 527 1275 588 librariis

284 631 357 690 quos
373 613 484 689 duplici
501 615 614 672 ratione
632 633 687 689 pro
699 617 844 676 variarum
855 618 1013 676 lectionum
1024 623 1180 694 praecipuo
1191 622 1275 678 iente

196 730 200 738 ’
283 710 371 780 atque
389 705 500 777 origine
520 707 637 764 habeas.
650 709 810 766 —Scimus
830 710 908 766 enim
926 727 942 766 e
962 710 1071 767 scholio
1090 712 1186 785 paullo
1205 715 1275 768 ante

281 799 400 856 laudato
418 798 599 872 inquinatum
618 816 682 856 esse
701 801 738 858 ab
758 801 948 859 histrionibus
967 804 1079 858 textum
1103 804 1276 863 verborum:

210 895 214 904 ‘
283 891 336 948 sed
360 891 466 946 scimus
490 901 605 960 quoque
630 905 647 944 e
672 889 789 946 scholiis
815 908 903 965 supra
927 893 1039 969 citatis,
1064 893 1151 950 hasce
1170 894 1276 968 depra-

282 981 414 1037 vationes
443 995 516 1034 esse*
536 980 616 1034 certe
638 979 753 1036 ratione
781 985 922 1038 enotatas.
966 984 1011 1039 Ac
1035 987 1104 1040 sunt
1127 988 1274 1062 enotatas,

281 1072 340 1128 nisi
363 1087 482 1144 prorsus
512 1069 611 1144 fallor,
640 1085 658 1125 a
682 1070 785 1127 scribis
810 1072 951 1148 publicis,
983 1088 1055 1146 quos
1087 1075 1176 1132 etium
1205 1080 1276 1133 ante

280 1163 376 1234 legem
384 1163 563 1233 Lycurgeam
581 1162 613 1236 in
631 1160 745 1218 theatro
764 1162 862 1220 sedem
880 1163 1018 1244 habuisse
1035 1166 1277 1226 verisimillimum

282 1257 328 1310 est
341 1247 396 1334 ⁸¹).
440 1253 516 1310 Nam
543 1250 668 1326 Comici,
698 1252 748 1325 qui
773 1255 875 1325 aperta
899 1257 1029 1313 actorum
1053 1257 1126 1313 vitia
1145 1259 1275 1316 animad·

282 1347 396 1400 vertere
415 1343 551 1416 poterant
574 1341 726 1414 palamque
750 1344 974 1421 perstringere,'
990 1346 1115 1405 leviores
1138 1349 1276 1406 mutatio-

281 1450 334 1490 nes
359 1434 470 1507 pariter
494 1435 582 1504 atque
605 1431 844 1504 interpolationes
868 1437 1037 1492 temerarias
1061 1455 1121 1494 non
1145 1438 1275 1496 animad-
1373 1453 1374 1518 p

282 1525 444 1581 vertebant.
488 1522 627 1578 Attamen
646 1525 775 1580 actorum
798 1525 1036 1599 interpolationes
1053 1529 1188 1584 nonnisi
1206 1533 1277 1600 post
1373 1533 1374 1580 l

282 1619 413 1674 mortuos
431 1613 569 1683 Tragicos
594 1616 627 1671 in
645 1617 758 1672 textum
776 1618 933 1686 genuinum
950 1617 1136 1689 irrepsemnt
1174 1619 1275 1676 Etiam

284 1707 341 1763 hoo
367 1706 418 1762 lex
444 1705 495 1762 illa
518 1691 671 1776 Lyeurgea'
691 1706 852 1764 luculenter
877 1708 1069 1783 demonstrat3
1105 1721 1163 1780 qua
1186 1708 1274 1765 simul

281 1798 422 1856 certiores
441 1797 558 1871 fiamus,
578 1796 671 1870 qualis
689 1798 777 1854 luerit
796 1802 826 1854 et
845 1803 953 1870 quanta
965 1798 1272 1864 vicissituctoactorum

283 1893 314 1946 ct
333 1888 492 1948 scribarum
508 1881 563 1965 ⁸²).
602 1885 702 1942 Scriba
714 1887 804 1955 igitur
814 1886 957 1962 publicus,
977 1889 1028 1960 qui
1041 1889 1166 1945 civitatis
1178 1904 1273 1943 exem·

282 1981 363 2055 plum
381 1995 447 2036 cum
464 1974 683 2040 recitationibus
709 1977 838 2031 actorum
862 1979 1045 2053 conterebat,
1071 1978 1175 2034 horum
1193 1977 1276 2034 addi·

282 2072 412 2128 tcmenta
440 2067 540 2124 nescio
571 2082 629 2139 qua
657 2066 770 2124 ratione
800 2067 987 2145 conscripsit,
1026 2068 1078 2124 aut
1105 2069 1138 2124 in
1168 2067 1278 2141 privati

283 2160 410 2234 exempli
434 2158 567 2230 margine
588 2160 655 2234 aut,
685 2158 763 2231 quod
787 2158 859 2216 mihi
884 2160 981 2217 verius
1001 2159 1115 2216 videtur
1134 2176 1215 2235 esse,
1245 2159 1279 2216 in

282 2254 347 2328 ipso
372 2252 489 2327 publico
514 2251 656 2324 exemplo.
694 2249 778 2307 Unde
803 2250 937 2324 colligas,
969 2253 1107 2322 quantam
1130 2250 1278 2306 variarum

281 2345 440 2403 lectionum
467 2342 641 2410 farraginem
665 2339 736 2394 illud
762 2339 941 2413 exemplum,
970 2342 1126 2414 postquam
1151 2341 1278 2396 Athenis

249 2422 253 2430 ⁵
283 2433 490 2491 Alexandriam
517 2428 668 2504 migravit,
705 2427 865 2484 illustribus
900 2429 1007 2488 criticis
1038 2429 1206 2504 praebuerit
1219 2423 1277 2510 ⁸³).

215 2591 219 2608 ¹
283 2620 329 2672 ret
346 2627 454 2681 quoque
470 2612 614 2665 histriones
631 2624 683 2662 sue
700 2612 822 2675 exempla
839 2613 868 2662 ln
884 2610 1007 2664 manitus
1025 2609 1157 2674 tenuisse,
1177 2611 1279 2687 saltem

282 2719 350 2762 suas
377 2709 490 2772 partes,
512 2707 544 2754 ut
574 2702 620 2752 vel
646 2701 717 2754 vivis
743 2701 833 2764 poetis
860 2698 1022 2767 praesertim
1047 2686 1086 2750 τιὶ
1110 2685 1279 2771 δοςέκφορα

265 2827 267 2832 ,
283 2791 398 2856 posent
421 2787 490 2838 clam
507 2789 613 2836 mutare
632 2789 681 2836 aut
698 2783 832 2835 omittere.
917 2830 918 2836 ,

351 2875 398 2934 81)
417 2874 572 2927 monitores
586 2875 666 2940 euim,
683 2874 729 2937 qui
746 2887 849 2938 graeco
866 2874 992 2927 dicuntur
1008 2864 1176 2942 ὑποβολεῒς,
1194 2878 1277 2926 soto-

283 2972 344 3014 rum
360 2961 479 3022 peccata
495 2961 609 3010 enotare
632 2958 787 3020 nequibant.
811 2961 860 3010 otr.
881 2958 1020 3010 Plutarchi
1039 2957 1119 3009 Polit.
1136 2961 1278 3020 praecept.

284 3057 308 3100 c,
325 3042 367 3092 17.
401 3041 531 3093 Meinekii
549 3040 710 3092 Commentt.
727 3041 877 3092 miscellan.
894 3055 920 3102 p,
936 3041 978 3091 tt.

283 3173 289 3180 .
351 3133 396 3191 88)
414 3133 499 3196 Iregts
515 3133 616 3184 verba:
633 3125 683 3180 uui
701 3118 753 3180 τὸν
771 3123 823 3194 τῆς
841 3121 959 3191 πόλεως
976 3125 1153 3200 γραμματέα
1171 3142 1278 3199 παροι-

283 3213 455 3290 γιγνιόσκειν
472 3215 547 3283 τοῖς
560 3269 564 3276 ,
575 3211 825 3290 ὑποκρινομένοις.
875 3222 1019 3274 Notionem
1041 3221 1119 3274 vocis
1142 3233 1278 3292 παραγι-

198 3369 206 3374 ,
283 3305 425 3380 rumosam
442 3312 559 3376 explicet
576 3313 698 3375 tiryssr:
719 3311 738 3360 l.
756 3312 773 3361 l.
791 3325 817 3374 p.
834 3313 850 3361 7
867 3325 906 3374 sq,
944 3311 1043 3362 Fuisse
1060 3318 1150 3364 auten
1167 3310 1279 3362 scribs-

284 3410 345 3449 rum
360 3396 501 3462 utimum,
518 3399 549 3446 ut
567 3395 770 3462 consignarent,
787 3397 815 3444 tn
832 3407 885 3458 quo
902 3397 1064 3457 portassent
1080 3397 1204 3462 actores,
1216 3389 1278 3457 jam

180 3483 187 3497 ’
249 3497 258 3534 ι
282 3483 365 3532 «locet
381 3479 447 3530 illud
465 3481 535 3544 quod
552 3477 596 3530 isti
613 3477 693 3530 aliter
709 3491 763 3529 nou
780 3477 934 3540 potuissent
950 3477 1112 3541 reprebendi
1135 3479 1181 3527 vel
1202 3477 1278 3528 mul-
1375 3531 1376 3546 χ

284 3563 354 3632 tari,
379 3564 461 3614 docet
482 3562 614 3630 denique,
640 3561 713 3625 quod
735 3561 810 3612 nullo
833 3564 915 3623 pacto
932 3560 1088 3612 memoriter
1110 3563 1206 3612 tenere
1223 3561 1277 3610 de-

284 3649 461 3710 pravationes
477 3645 629 3696 valuissent
644 3646 759 3706 propter
777 3645 883 3706 coptam
900 3643 1054 3696 tabularum
1069 3655 1121 3706 per
1136 3643 1277 3707 integrum
1305 3655 1311 3670 ·

284 3728 354 3780 uem
370 3735 505 3782 actarum.

339 3811 396 3876 Ι83)
422 3814 517 3872 Quare
538 3823 574 3863 ex
594 3811 647 3861 hoc
669 3813 794 3873 tempore
808 3809 963 3872 ,praecipue
988 3806 1109 3860 criticam
1125 3806 1276 3868 motitatam

286 3903 368 3959 csse,
385 3892 460 3946 intre
475 3898 664 3948 demonstrare
680 3894 779 3950 studui.
