2776 4656
656 363 791 436 ..'100
820 403 862 413 .-

268 538 372 614 tinent,
391 535 547 593 admodum
558 535 643 608 pauci
654 536 902 605 Agamemnonem
915 534 946 588 et
959 528 1154 602 Ghoephoros.
1174 505 1259 614 [inde

255 645 355 703 onam
373 632 485 684 mature
505 627 638 697 trilogiae
662 627 755 682 forma
780 624 883 680 saltem
902 639 920 678 a
938 621 1102 678 scholiastis
1125 620 1260 690 neglecta

256 719 326 796 sit,
346 715 482 776 facillime
507 718 634 788 colligas.
663 745 701 760 -
726 715 866 772 ‚Omnium
892 713 983 784 igitur
1011 711 1172 767 fabularum
1198 723 1260 769 una

254 811 454 868 'Prometheus
483 813 513 865 et
541 807 711 880 saepissime
743 806 888 878 descripta
916 808 946 860 et
973 797 1105 876 plurimis
1140 799 1260 856 scholiis

264 905 367 958 ornata
396 901 456 975 est,
486 903 519 954 ut
543 917 560 954 e
587 898 741 955 codicibus
770 896 915 953 discimus.
960 895 1101 965 Fabulam
1125 890 1259 965 proxime
1328 963 1336 972 .

266 994 425 1065 sequuntur
453 988 737 1062 Septemarversus
766 987 883 1044 Thebas
914 988 944 1041 et
971 986 1093 1041 Persae:
1122 987 1258 1056 utroquo,
1338 971 1342 976 ’

180 1143 182 1150 ,
254 1083 370 1156 'quibus
389 1081 444 1138 Pr.'
457 1083 553 1155 caret,
580 1078 698 1134 scholiis
723 1078 851 1134 metricis
877 1076 1082 1149 praeditaest.
1121 1071 1260 1146 Sequitur

265 1172 396 1246 Orestia,
428 1171 557 1227 infimum
586 1169 681 1226 locum
706 1167 856 1240 Supplices
877 1169 970 1222 tenet
1008 1163 1142 1222 Eundem
1166 1167 1258 1220 ferme

264 1261 413 1337 ordinem,
439 1275 477 1316 ex
502 1275 559 1332 quo
579 1263 708 1333 tempore
727 1261 842 1331 septem
860 1247 997 1326 Aeschyli
1022 1255 1136 1312 fabulae
1148 1270 1259 1327 super·

253 1354 387 1428 Ἰωνίη,
408 1351 545 1409 continuo
557 1353 713 1406 servatum
730 1365 795 1405 esse
815 1348 924 1404 diserta
943 1341 1061 1404 tradunt
1079 1343 1258 1419 testimonia,

263 1443 296 1498 ut
315 1443 384 1512 Arg.
409 1443 478 1497 Eur.
504 1441 672 1496 Phoeniss..·
702 1435 914 1514 ἐπιγέγραπται
943 1432 976 1494 δὲ
1004 1434 1139 1512 (indurari
1163 1433 1261 1512 χοροῦ

254 1526 425 1610 Εὐριπίδου
452 1527 614 1588 Φοίνισσαι
642 1525 716 1606 πρὸς
748 1521 972 1599 ἀπιδιιιστολὴι
998 1525 1059 1584 τῶν
1086 1523 1177 1584 Ἑπτὰ
1205 1521 1260 1583 ἐπὶ

253 1621 384 1700 Θήβας.
404 1621 495 1698 ταύτῃ
514 1617 571 1700 γὰρ
592 1619 627 1696 τῇ
645 1618 794 1676 ὑποθέσει
812 1617 941 1687 κάκεῖνος
957 1617 1064 1694 χρῆται
1081 1611 1113 1673 ἐν
1131 1613 1176 1693 egi
1188 1610 1259 1673 dro-

263 1715 338 1794 τέρῳ
359 1717 389 1770 et
408 1713 502 1770 Schol
523 1713 592 1768 Eur.
606 1711 702 1767 Orest.
721 1710 793 1765 210:
813 1707 947 1778 Πέλανος
967 1710 1102 1783 σημαίνει
1122 1701 1186 1777 δύο,
1204 1703 1259 1765 τὸν

252 1803 362 1862 ’σίελον
380 1800 422 1873 ὡς
440 1797 588 1871 ἐνταῦθα,
608 1803 657 1858 καὶ
676 1794 755 1870 εἶδος
772 1795 913 1873 θύματος
931 1795 998 1871 ἦτοι
1017 1793 1068 1858 τὸν
1087 1797 1258 1855 abacista

263 1893 304 1964 αἰς
324 1891 477 1970 Αἰσχύλος
495 1887 526 1950 ἓν
544 1895 634 1969 τρίτῳ
653 1895 758 1968 prodr.-
778 1890 855 1963 quod
874 1893 975 1963 aperte
994 1889 1114 1961 respicit
1132 1889 1169 1944 ad
1187 1889 1257 1944 Per·

262 2001 360 2041 sarum
378 2001 405 2039 v.
426 1983 497 2058 519,
527 1983 577 2038 ubi
602 1982 660 2038 vid.
681 1983 769 2040 schol.
795 2011 834 2024 —
861 1982 923 2037 Nec
941 1979 1062 2035 meliora
1090 1979 1258 2035 testimonia

260 2076 409 2148 requirere
420 2073 577 2131 ,debemus
604 2071 670 2137 Quo
688 2071 927 2128 tandem'ordine
947 2073 1014 2126 ante
1033 2071 1188 2142 Didymum
1208 2070 1257 2126 vel

261 2165 298 2222 ab
324 2165 389 2238 ipso
407 2162 533 2235 Didymo
558 2162 719 2220 illustratae
744 2162 858 2218 fabulae
884 2161 992 2224 fuerint
1016 2160 1101 2235 plane
1125 2161 1256 2216 noratur

260 2255 318 2313 nisi
338 2254 376 2312 ad
394 2254 459 2311 illos
484 2269 635 2330 numeros,
661 2267 734 2326 quos
759 2253 811 2310 ubi
835 2253 872 2309 de
890 2253 1085 2326 Aristophane
1103 2253 1255 2308 Gramma-

251 2345 319 2404 ·tico
348 2346 484 2419 loquutus
514 2361 592 2420 sum,
622 2344 780 2400 memoravi
807 2344 953 2417 respicere
982 2345 1112 2400 velimus.
1151 2342 1255 2400 utiam

251 2436 457 2504 'vetustissima
490 2435 652 2490 fabularum
680 2434 828 2508 exempla,
862 2435 992 2491 Atticum
1019 2435 1137 2506 inquam
1165 2436 1253 2505 atque

259 2525 504 2600 Alexandrinum,
525 2527 648 2581 fortasse
668 2525 756 2581 etiam
775 2523 983 2595 Pergamenum
1002 2524 1254 2582 commordinem

251 2617 386 2672 ‘eundern
405 2607 592 2673 exhibebant.
630 2615 671 2671 At
688 2615 761 2688 quid
778 2615 883 2689 loquor
907 2616 943 2671 de
963 2617 1042 2688 certo
1062 2631 1096 2671 ao
1116 2615 1252 2672 distincto

260 2710 305 2764 tot
324 2707 485 2763 fabularum
504 2695 622 2780 ordine,
646 2722 720 2778 quas
740 2707 863 2762 totidem
880 2705 986 2762 libellis
1002 2706 1166 2778 descriptas
1186 2721 1251 2772 esse

258 2796 446 2853 verisimilius
467 2791 532 2852 est‘t
562 2811 684 2868 quarum
707 2811 766 2852 uno
785 2797 930 2854 volumine
949 2800 1021 2870 quot
1040 2796 1252 2854 demum'com-

250 2888 420 2960 'prehensae
440 2887 547 2942 hrerint
566 2881 732 2945 nescimusl
750 2888 919 2953 -Quodsi
938 2887 1048 2946 scholia
1066 2901 1153 2960 quam
1165 2888 1251 2944 inae·

138 3035 142 3042 ,
251 2977 387 3050 ’quabilia
407 2977 466 3032 sint
484 2975 749 3053 annnadvertimus‚
769 2979 952 3051 potissimum
964 2979 1067 3036 malam
1082 2970 1250 3035 scholiasta·

257 3083 323 3124 rum
341 3067 514 3122 industriam
533 3066 672 3123 debemus
691 3072 809 3143 notare,
835 3079 999 3141 curamque·
1014 3069 1108 3141 primo
1133 3085 1250 3125 accura-

255 3161 327 3234 tam,
347 3161 409 3213 tum
426 3158 526 3213 nescio
545 3172 602 3229 quo
622 3173 691 3214 casu
710 3160 855 3231 extemplo
873 3158 1032 3215 remissam.
1045 3161 1163 3216 *Jarn
1179 3177 1250 3216 vero

254 3246 361 3304 eodem
380 3251 510 3321 temporo
536 3261 594 3318 quo
612 3249 742 3322 reliquae
761 3249 935 3306 scholiorum
954 3250 1137 3308 collectiones
1155 3251 1249 3306 factae

252 3340 341 3412 bunt,
380 3339 468 3394 etiam
505 3337 536 3392 in
573 3339 749 3410 Aeschylum
787 3339 957 3400 scholiastae
986 3326 1146 3411 collegisse
1176 3341 1248 3404 ¹'sive

157 3460 161 3467 .
252 3427 353 3502 potius
370 3435 372 3440 '
389 3428 607 3501 transcripsisse
639 3431 860 3487 commentarios
894 3445 949 3503 per.
983 3445 1015 3486 se
1052 3431 1161 3503 patet·
1196 3431 1249 3488 Ni·

250 3517 411 3575 hilominus
451 3518 561 3576 scholia
602 3521 780 3596 Aeschylos,
825 3519 904 3594 quod
940 3525 1071 3578 veterum
1105 3521 1249 3594 interpre-

252 3611 318 3666 tum
345 3608 521 3665 mentionem
551 3621 610 3666 non
640 3611 764 3685 iaciunt,
797 3624 833 3667 eo
860 3613 989 3668 'maxime
1018 3611 1189 3684 exrenqurs
1214 3613 1249 3668 in

254 3699 382 3771 reliquos
401 3699 538 3770 magicos
557 3696 701 3758 differunt.
741 3702 823 3768 Quae
842 3700 961 3775 quidem
983 3703 1103 3759 noemma
1127 3703 1198 3758 sive·
1212 3702 1247 3758 li-

251 3785 345 3843 brarii
363 3805 399 3845 ea
418 3790 480 3846 sivo
500 3791 673 3849 scholiastae
698 3792 892 3868 sustulerunt,
919 3809 937 3848 a
956 3793 1065 3868 primis
1082 3792 1246 3853 coronastis

251 3878 363 3934 omissa
374 3893 440 3950 non
459 3878 548 3938 brisso
567 3883 756 3944 vehementer
773 3882 925 3940 coomndo.
964 3882 1045 3948 Quid
1058 3882 1152 3954 jurat
1175 3895 1244 3940 erur-
