2776 4656
539 335 747 400 *dt-

146 498 210 572 ipso
229 497 420 569 gramatice
436 496 498 556 sire
517 497 591 556 duce
610 499 713 557 melem
724 501 915 576 transcriptae
927 503 1042 562 tabidae
1060 512 1139 584 sunt,

145 602 241 646 nonne
269 587 435 661 exemplum
459 593 596 664 accentus
627 590 719 661 signis
749 595 885 649 ornatum
908 603 977 650 esse
997 595 1140 670 appareti

144 681 277 752 Namque
297 679 359 734 sive
378 679 488 752 placuit
506 680 569 736 sive
589 680 737 753 <hephron
748 683 978 742 Atheniensibus
996 686 1139 756 qusmodi

144 769 349 846 apographon,
369 770 440 844 qu'sl
455 771 583 841 juvisset
600 771 774 828 Ptolemaeis
793 769 953 844 refragarit
992 775 1140 851 Quidquid

145 860 182 916 tle
201 864 319 916 auctore
339 861 465 934 exempli
483 861 674 918 Alexandrini
692 865 820 919 ionnave
839 863 904 933 ejus
922 867 1043 922 externa
1062 867 1140 938 cogi·

144 953 209 1025 tas,
228 951 416 1007 nihilominus
436 951 663 1025 Aristophanem
686 953 817 1009 omnium
834 955 1087 1022 grammaticorum
1109 960 1140 1014 et
1183 939 1187 944 ¹

143 1039 292 1097 fictitasse
311 1041 436 1114 primum
455 1042 585 1099 criticam
604 1045 697 1098 artem
716 1047 746 1098 et
765 1042 900 1098 debuisse
926 1046 1058 1102 factitare
1077 1061 1139 1103 cer·

143 1131 289 1186 tissimum
308 1136 361 1188 est.
381 1163 420 1176 -
444 1131 589 1215 Bipartitp
613 1133 748 1206 omnino,
773 1146 862 1204 quum
884 1134 1013 1203 Tragicis
1038 1136 1141 1192 tribuit

143 1221 372 1296 Grammaticus,
392 1235 482 1294 opera
501 1223 563 1296 est3
583 1215 676 1276 altera
693 1221 1029 1300 historico-oesthetics,
1048 1226 1141 1282 altaro

65 1364 71 1372 ,
144 1309 420 1380 critico-exegetica
439 1341 478 1354 -
495 1309 604 1366 Prioris
622 1310 833 1382 interpretandi
851 1311 974 1369 rationis
992 1315 1141 1386 specimen
1187 1345 1210 1363 .»
1307 1337 1313 1350 ·

145 1400 285 1455 eximium
297 1415 388 1472 opus
406 1403 453 1456 est
469 1399 1140 1476 didascalicum.-lpsumAristophanern

146 1488 371 1546 didascaliamnr
382 1491 568 1546 monumenta
579 1489 741 1565 collegisse,
762 1489 847 1546 docet
857 1491 961 1561 opinor
969 1493 1139 1550 Athenaeus

143 1579 221 1635 vm.
242 1579 297 1634 336
317 1597 342 1636 c.
384 1581 469 1637 certe
496 1595 563 1635 eum
588 1579 703 1635 mediae
726 1593 878 1651 novaeque
899 1581 1073 1638 comoediae
1097 1585 1139 1640 ia-

143 1670 229 1726 bulas
246 1684 432 1726 enumerasse
457 1671 588 1741 apparet.
627 1669 783 1739 Praeterea
807 1673 905 1726 autem
929 1671 1066 1744 operibus
1095 1657 1141 1728 dl

1 1796 2 1799 ,
60 1807 65 1812 ,
142 1759 298 1818 aasentias
315 1759 511 1830 mstiqrrierum
536 1759 787 1828 grammaticorum
811 1771 882 1814 usus
913 1764 978 1835 est,
1005 1762 1139 1834 inprimis

143 1849 315 1906 Callimachi
339 1853 455 1924 struat,
482 1851 515 1904 ut
540 1863 578 1904 ex
601 1847 755 1905 Athenaeo
777 1848 831 1906 lx
857 1849 913 1905 408
937 1851 957 1906 l.
977 1851 1138 1927 liuha,

142 1940 193 2012 qui
220 1939 321 1996 laudat
349 1955 415 1994 eum
444 1933 475 1996 ἓν
498 1939 561 2007 τοῖς
585 1933 662 2015 πρὸς
685 1934 754 2008 τούς
784 1938 980 2016 Καλλιμάχου
1005 1944 1138 2012 πίνακας,

142 2027 245 2100 colligo
259 2021 331 2107 ²⁸⁸).
375 2029 456 2085 Alibi
487 2031 584 2084 autern
616 2029 705 2084 etiarn
734 2025 902 2088 Aristotelis
928 2025 1137 2108 διδασκαλίας,
1254 2071 1261 2078 -

140 2119 198 2176 nisi
217 2136 270 2175 eae
289 2110 380 2192 prins«
391 2133 428 2174 eo
445 2118 595 2192 venerint,
621 2133 682 2172 urm¹
704 2133 771 2174 eum
794 2121 893 2200 Attico
918 2109 1050 2194 exemplo
1068 2119 1138 2180 Ale·

140 2209 294 2276 nandriam
314 2209 424 2264 delatas
444 2223 509 2263 esse
529 2207 707 2280 suspicabor.
737 2208 873 2264 Fortasse
893 2211 982 2265 etiam
999 2212 1138 2268 Dicaear-

142 2301 190 2357 chi
209 2299 351 2358 Messenii
369 2295 549 2355 ὑποθέσεων
567 2313 641 2371 opus
653 2299 771 2371 praesto
791 2298 819 2353 ei
838 2301 911 2375 erat,
931 2299 1065 2370 adeujus
1077 2317 1137 2357 mo·
1198 2339 1202 2347 ι

142 2389 211 2446 dum
229 2390 293 2463 ipse
313 2391 485 2460 argumenta
509 2387 671 2446 fabularum
690 2390 847 2445 enarraret
888 2389 974 2445 Certe
994 2388 1137 2460 ejusmodi
1229 2387 1233 2396 '

140 2481 292 2553 usurparit
310 2495 416 2554 opera,
446 2493 519 2553 quae
546 2479 769 2535 didasmliarum
793 2483 979 2538 monumenta
1003 2484 1137 2540 accusata

142 2571 263 2628 collecta
282 2571 487 2643 descriptaque
506 2570 697 2625 continerent.
716 2597 755 2612 -

214 2664 279 2718 Jarn
298 2677 387 2736 vero,
412 2659 497 2733 quale
516 2659 721 2732 Aristophanis
746 2675 820 2732 opus
845 2659 948 2733 hierii,
977 2660 1134 2731 quaeritur.

140 2754 255 2809 Doccnt
283 2753 467 2826 argumenta,
498 2765 572 2824 quae
597 2749 741 2823 hodieque
759 2749 898 2825 legimns,
929 2748 967 2805 ad
985 2749 1135 2822 Sophoclis

140 2834 326 2918 Antigonam,
346 2841 495 2915 Euripidis
515 2840 662 2916 Medeam,
681 2833 835 2914 plerasque
854 2839 1060 2912 Aristophanis
1080 2842 1135 2898 Co·

140 2931 208 2990 mici
227 2930 356 3007 fabulas,
383 2931 600 3002 grammaticum
619 2931 657 2986 ad
681 2934 812 3006 tempus,
838 2946 896 3007 quo
915 2931 980 2984 acta
1005 2929 1136 2988 dramata

140 3024 255 3097 essent,
279 3019 436 3096 praecipue
462 3021 622 3078 advertisse
648 3021 782 3078 animum.
821 3022 1033 3089 Argumentum
1057 3022 1135 3078 enim

140 3111 179 3168 ad
196 3111 346 3186 Euripidis
372 3113 516 3187 Bacchas,
543 3097 589 3167 cui
614 3110 818 3194 Aristophanis
844 3125 950 3168 nomen
976 3110 1134 3182 suprascri-

47 3250 50 3254 .
139 3206 223 3277 ptum
243 3206 297 3277 est,
318 3207 417 3275 aperte
438 3201 582 3276 deperditi
601 3201 718 3272 majoris
738 3201 930 3272 fragmentum
950 3202 1005 3255 est.
1017 3230 1056 3248 -ε
1074 3201 1155 3256 Do·'

141 3295 208 3350 cent
227 3295 324 3348 autem
343 3293 445 3350 eadem
464 3293 649 3368 argumenta,
669 3291 897 3366 Aristophanem
915 3282 1135 3360 Διδασκαλίαις

208 3562 269 3626 168)
288 3560 469 3614 Bernhardius
486 3563 547 3622 (Gr.
565 3517 632 3613 Litt.
651 3563 748 3612 Gesch.
765 3576 791 3624 p,
808 3561 882 3624 1³³),
906 3573 959 3624 quo
976 3515 1083 3609 reserat
1100 3559 1134 3612 ad

141 3651 211 3702 idem
229 3664 311 3720 opus,
327 3651 456 3702 emendat
471 3651 558 3712 tityus.
575 3651 714 3707 laverim
730 3664 753 3700 s.
785 3637 887 3710 Πίναξ
893 3657 949 3696 τ-
961 3633 991 3696 ἓν
1005 3633 1048 3710 οἷς
1060 3631 1135 3712 ἦσαν

141 3728 176 3790 αἱ
194 3731 375 3810 ἀναγραφαὶ,
395 3728 525 3802 ποιητῶν
544 3727 675 3808 ἀρχαίων
706 3725 750 3800 οἷς
774 3725 900 3806 ἐντυχών
914 3727 1135 3807 Ἀριστοφάνης

142 3819 160 3878 ὁ
179 3817 385 3898 γραμματικὸς
403 3816 565 3893 ἐποιήσατο
585 3815 638 3888 τὰς
656 3817 819 3889 ὑποθέσεις
838 3816 897 3876 τῶν
915 3811 1087 3926 δραμάτων.
1130 3890 1133 3899 Ι
