2776 4656
677 336 717 351 ...
757 301 802 372 qg
841 327 892 350 ..-

285 463 757 530 malmesmeriensis
780 465 979 530 maneatur
996 503 1035 517 -
1051 471 1184 546 umus
1211 473 1280 530 era-
1370 441 1371 470 ³

284 567 375 621 tetam
402 561 612 618 Atheniensem
638 562 803 619 Polemonis
831 563 863 619 in
893 561 1051 620 Academia
1083 577 1280 619 successorem
1370 586 1371 630 l

285 654 375 710 etiam
403 654 471 730 ampl
494 647 654 729 κωμῳδίας
679 654 831 727 scripsisse
862 655 952 709 refert
979 654 1173 728 Apollodorus
1203 653 1281 726 apud

284 743 447 815 Diogenem
470 743 567 802 Laert.
592 745 648 820 IV,
673 743 711 800 23
728 737 799 825 ¹⁸⁸).
818 771 860 788 -·
876 745 1082 802 Verumtamen
1108 745 1141 800 ia
1170 744 1281 801 scholio

242 881 248 890 .
284 834 444 907 Euripideo
468 851 534 891 eum
555 835 670 892 Creteis
690 835 891 892 Parmeniscus
910 850 969 892 una
986 836 1168 892 nominatum
1193 838 1281 908 atque

285 925 462 984 Scholiastae
491 924 542 982 ubi
577 925 710 981 diversas
736 926 929 997 interpretum
960 927 1120 983 sententias
1150 927 1282 982 referunt

284 1016 454 1090 plerumque
466 1031 540 1090 eos,
570 1015 620 1087 qui
645 1018 741 1072 aetate
770 1017 831 1074 iere
862 1017 998 1089 aequales
1027 1020 1111 1092 sunt,
1142 1017 1221 1079 inter
1250 1032 1282 1072 ss
1371 1045 1372 1084 3

285 1107 462 1181 comparant.
514 1105 701 1179 Quapropter
727 1106 877 1164 Mallotam
905 1123 924 1164 a
948 1106 1107 1164 scholiasta
1131 1105 1283 1163 laudatum
1370 1093 1372 1106 ’

190 1205 192 1212 “
285 1215 351 1256 esse
370 1196 465 1254 nullus
491 1195 601 1254 dubito.
653 1197 700 1254 Ita
723 1197 836 1270 reliqua
861 1213 975 1271 quoque
1006 1197 1118 1254 setona
1148 1197 1187 1254 ad
1212 1197 1281 1254 Eur.

286 1290 336 1348 Or.
367 1287 457 1361 1226,
486 1286 594 1350 Phoen.
612 1287 678 1343 *211
707 1287 747 1343 ad
771 1288 897 1344 eundem
924 1288 1143 1358 grammaticum
1170 1288 1282 1346 resero:

285 1391 360 1451 queo
379 1376 498 1449 quietem
516 1377 542 1432 si
562 1392 711 1449 comparas
725 1378 823 1436 scholl.
839 1379 873 1434 ll.
893 1377 922 1452 l,
942 1379 1007 1434 741.
1027 1397 1054 1454 o,
1074 1377 1138 1433 496.
1158 1388 1195 1454 ψ,
1217 1377 1281 1433 479.

287 1483 380 1540 aeque
408 1466 484 1522 bene
509 1482 526 1522 a
553 1467 678 1524 Cratetis
702 1467 915 1526 commentariis
942 1471 1037 1524 sumta
1061 1485 1127 1532 esse
1150 1471 1283 1540 possunt.

285 1557 420 1630 Denique
438 1555 588 1614 Mallotam
606 1557 643 1614 ab
661 1558 707 1615 Jo.
727 1559 833 1616 Tectae
865 1550 949 1636 (napi
973 1557 1111 1634 τραγικῆς
1135 1558 1284 1630 ποιήσεως
1369 1576 1372 1639 ,‘

190 1647 202 1660 “
285 1667 313 1706 v.
335 1645 628 1706 latrunculum
642 1647 796 1707 ltuenlv.
816 1667 845 1722 p.
866 1643 938 1729 407)
956 1647 1079 1724 laudari,
1095 1648 1162 1718 jnre
1183 1652 1283 1728 censet
1368 1654 1372 1687 ἔ

287 1740 322 1796 0.
352 1737 511 1794 Muellerus
539 1737 613 1796 Nor.
639 1739 715 1796 Mus.
741 1739 834 1798 Rhea.
862 1741 897 1796 V.
927 1755 958 1812 p.
986 1738 1050 1796 359.
1069 1768 1109 1780 -
1126 1739 1192 1796 Una
1220 1756 1284 1796 cunr

49 1859 56 1866 -
169 1877 172 1888 ,
285 1832 404 1888 Gratata
429 1827 565 1886 laudatar
583 1831 727 1888 Eueddee
751 1830 886 1906 quidam,
911 1829 950 1886 ad
974 1828 1056 1901 cujus
1082 1829 1283 1888 auctmitatem

286 1920 366 1978 idem
396 1920 516 1978 Tzetzes
549 1918 719 1990 saepissime
750 1923 897 1993 provocat.
931 1919 1131 1978 'Probabilem
1161 1919 1197 1976 de
1228 1921 1282 1978 hoe

286 2008 472 2080 grarnmatico
491 2007 621 2078 alioquin
645 2008 745 2078 ignoto
770 2009 965 2081 coniecturam
983 2010 1126 2068 Muellero
1144 2011 1282 2068 debemus
1371 2006 1374 2024 ¹

189 2091 192 2098 ’
286 2099 305 2156 1.
325 2099 345 2154 1.
365 2113 394 2170 p.
415 2095 470 2152 856
490 2099 520 2151 et
538 2101 599 2154 not.
618 2127 658 2142 -
675 2099 784 2176 Igitur,
811 2104 951 2174 quantum
975 2117 992 2158 e
1017 2102 1124 2158 lietzo
1148 2100 1283 2170 colligere

285 2201 451 2264 possumus,
472 2188 573 2248 Crates
592 2187 642 2246 ille
653 2189 791 2248 etiamde
804 2195 867 2248 arte
880 2191 1047 2268 dramatica,
1074 2191 1110 2250 de
1123 2191 1284 2250 tabularum
1336 2245 1339 2254 .

287 2279 497 2353 compositione
526 2278 633 2336 librum
658 2281 827 2354 composuit.
875 2282 996 2353 Maioris
1022 2285 1119 2338 tamen
1143 2281 1283 2338 momenti

286 2370 403 2427 videtur
421 2367 551 2425 Euclidis
570 2384 644 2440 opus
664 2370 787 2428 Tzetzae
807 2372 913 2448 luisse,
939 2377 972 2428 ut
985 2371 1128 2443 jacturam
1148 2371 1282 2444 scriptio-

285 2459 332 2514 nis
361 2457 491 2530 proiecto
520 2456 627 2515 doleas.
647 2491 686 2503 —
711 2461 879 2518 certissime
908 2463 1030 2519 Tzetzes
1059 2463 1124 2535 ipso
1152 2461 1282 2517 Euclidis

287 2563 377 2623 opere
397 2563 467 2604 usus
487 2551 547 2624 est,
568 2548 664 2622 ipsum
683 2550 755 2607 illud
775 2553 858 2625 quasi
874 2551 1047 2625 compilavit.
1088 2553 1282 2625 Quapropter,

286 2654 460 2716 quamquam
479 2641 510 2694 et
528 2640 592 2712 ipse
604 2639 745 2723 Muellero
765 2642 917 2718 assentior,
938 2645 1024 2715 atque
1044 2641 1196 2698 Euclidem
1215 2643 1282 2698 ante

285 2732 443 2802 Didymum
461 2729 570 2785 vixisse
591 2729 726 2810 arbitror,
745 2732 840 2806 possis
861 2736 958 2789 tamen
971 2733 1007 2789 de
1024 2731 1144 2790 Euclide
1158 2731 1282 2806 quodam

285 2821 448 2878 recentiore
478 2820 627 2894 suspicari.
684 2823 819 2897 Denique
850 2813 988 2900 Tretzes,
1017 2823 1101 2900 licet,
1131 2840 1189 2897 qua
1221 2825 1283 2879 erat

285 2911 482 2988 verbositate,
507 2909 641 2969 adderet:
655 2907 755 2970 ’ἄλλοι
779 2932 810 2970 τε
835 2913 941 2972 πολλοὶ
958 2911 1018 2988 τῶν
1042 2913 1142 2990 λόγοις
1162 2907 1283 2994 διηρμέ-

285 3017 358 3058 νωνε
383 2999 479 3075 potuit
498 3003 610 3058 tantum
628 3003 758 3062 Euclidis
776 3004 898 3080 librum,
924 3005 1032 3079 qnippe
1057 3006 1088 3060 in
1108 3021 1194 3078 quem
1214 3006 1282 3062 Cra·

275 3089 355 3148 'tetis
376 3091 536 3147 sentcntiae
556 3097 691 3167 receptae
712 3099 826 3171 essent,
847 3111 996 3168 usurpare.

361 3182 477 3255 Crates,
508 3182 611 3254 quibus
638 3182 755 3242 tandem
779 3185 940 3242 fabularum
968 3185 1109 3258 exemplis
1137 3203 1207 3242 usus
1233 3186 1281 3260 sit,

285 3287 412 3346 numque
438 3288 537 3358 onmes
563 3273 651 3332 trium
669 3275 857 3346 'tragicorum
875 3275 987 3332 fabulas
1006 3276 1208 3352 usurpaverit,
1237 3277 1282 3332 in-

286 3365 397 3420 tertium
416 3367 470 3420 est
513 3364 647 3436 Pergami
672 3369 771 3422 autem
795 3368 928 3439 quartam
952 3366 1116 3424 fabularum
1137 3367 1282 3424 collectio·

168 3517 175 3524 ‚
286 3468 354 3509 nem
379 3453 514 3511 extitisse
540 3455 695 3514 admodum
719 3456 876 3514 uerisimile
906 3461 969 3535 est3
999 3473 1173 3531 quamquam
1202 3458 1282 3528 cuius

351 3648 412 3714 let)
444 3646 572 3715 Eiusdem
595 3647 714 3704 (tratetis
739 3641 892 3720 ποιητικὴν
917 3653 1004 3706 trusae
1029 3653 1165 3720 arbitror,
1201 3663 1280 3717 quam

285 3727 495 3877 ξοὲιθοέτιιιηαῗῗ
514 3735 616 3794 elocut,
633 3735 661 3799 8.
679 3730 728 3787 itt
743 3735 847 3789 laudat.
880 3739 941 3794 Vld,
961 3737 1070 3788 Patrio.
1093 3736 1159 3787 niul.
1183 3735 1231 3787 er.
1248 3735 1281 3786 ll.
