2792 4670
544 286 863 401 '-1s-

234 537 237 541 -
291 513 296 524 “
344 496 422 568 Ergo
440 497 572 573 apparet,
591 497 728 568 'liagic'os
740 503 799 554 non
817 497 933 568 gloriari
950 497 1080 572 potuisse
1098 498 1136 557 tle
1153 499 1260 560 fabulis

270 585 378 662 pluries
397 588 549 645 correctis:
574 591 606 645 et
628 590 771 663 quidquid
787 589 945 648 concedere
966 589 1090 646 Cornicis
1108 590 1260 668 debemus,

271 679 318 737 rel
341 678 406 752 ipse
429 679 640 752 Aristophanes
665 681 844 756 ambasilla,
872 680 976 752 quibus
1005 685 1098 738 semet
1122 683 1260 740 continuo

269 770 353 828 noma
372 770 476 826 tabulis
496 768 685 826 deiectamsse
697 771 892 828 Athenienses
909 774 940 828 et
951 770 1095 830 delectare
1109 774 1262 851 gloriatur,

270 877 330 918 nou
348 862 448 916 conus
466 859 590 916 aliorum
606 864 758 932 poetarum
776 864 920 918 correctas
940 865 970 919 et
987 863 1127 935 repetitas
1146 881 1261 922 comoe-

269 951 333 1008 dias
351 951 487 1025 loquitur,
507 950 560 1005 sed
572 953 672 1007 contra
689 951 830 1025 quosdam
841 949 1036 1032 εὐεπιφόρους
1054 950 1096 1024 εἰς
1112 949 1149 1012 τὸ
1167 955 1261 1031 λέγειν

270 1039 318 1101 ἀεί
336 1037 390 1110 τὰς
409 1036 502 1110 αιἰτοὶς
520 1034 599 1112 ἰδέας
615 1035 670 1121 ⁸⁰).

342 1131 405 1189 lam
433 1147 503 1188 vero
526 1131 696 1204 quaestione
721 1131 757 1188 de
783 1132 948 1206 duplicibus
972 1135 1134 1194 fabularum
1158 1155 1260 1196 recen-

271 1223 400 1282 sionibus
419 1222 568 1296 proposita
585 1223 677 1293 magis
697 1225 784 1295 atque
803 1223 936 1301 incepta,
956 1241 1043 1298 quam
1065 1229 1182 1300 penitus
1200 1233 1261 1286 ua-

268 1317 356 1389 etata,
375 1313 414 1370 ad
432 1313 649 1386 antiquissimas
665 1313 827 1369 fabularum
840 1330 1008 1385 graecarum
1021 1318 1260 1392 interpolationes

268 1404 397 1460 animum
414 1403 605 1460 advertamus.
649 1403 675 1461 E
693 1403 826 1480 repetitis
846 1405 1018 1478 quibusdam
1044 1411 1197 1468 sententiis
1212 1406 1260 1490 ⁸¹)

268 1641 393 1696 diuersas
421 1641 610 1694 recensiones.
649 1636 807 1708 cujmmou
838 1647 928 1696 tamen
953 1650 1114 1711 argumenta
1138 1649 1258 1701 nondum

268 1727 346 1791 potul
361 1726 492 1790 reperire.

335 1810 380 1868 to)
408 1808 490 1868 Arist,
513 1811 599 1867 Nuba
623 1824 649 1860 τ.
671 1810 720 1860 tlt
743 1823 802 1874 sqq.
835 1809 876 1861 ci.
898 1812 1019 1865 lioeclb.
1037 1814 1056 1866 i.
1072 1814 1091 1872 l,
1114 1829 1141 1878 p.
1158 1814 1189 1864 at
1213 1827 1257 1878 sq,

269 1891 340 1954 Quin
356 1891 460 1944 comici
475 1893 583 1945 rabulus
601 1905 668 1943 suas
691 1895 904 1944 retractaverint
924 1905 979 1944 nou
1000 1897 1101 1946 dubito.
1135 1898 1257 1948 Galenus

267 1981 293 2031 in
305 1981 461 2043 Hippocrat,
474 1981 506 2030 de
519 1980 624 2030 salubri
636 1979 738 2031 diaeta:
756 1969 1002 2043 ἐπισκευάζεσθαι
1013 1973 1127 2047 λέγεται
1137 1975 1255 2049 βιβλίον

267 2057 318 2119 ἐπὶ
336 2059 378 2138 τῷ
392 2063 526 2140 προτέρῳ
545 2065 738 2141 γεγραμμένῳ
757 2062 792 2123 τό
812 2060 946 2143 δεύτερον
964 2063 1089 2144 γραφὲν,
1113 2059 1185 2121 ὅταν
1202 2059 1253 2134 τὴν

266 2150 417 2211 ὑπόθεσιν
434 2149 500 2230 ἕχον
517 2149 569 2226 τὴν
587 2151 676 2227 αὐτὴν
693 2157 743 2214 καί
761 2153 815 2227 τὰς
833 2156 975 2226 πλείστας
993 2155 1051 2216 τῶν
1069 2149 1181 2233 ῥήσεων
1199 2149 1254 2222 τὰς

268 2239 374 2315 αὐτὰς,
399 2245 465 2302 τίνα’
488 2243 544 2320 μὲν
568 2244 740 2323 ἀφῃρημένα
764 2241 796 2302 ἐκ
820 2247 875 2302 τοῦ
904 2249 1051 2325 προτέρου
1080 2244 1256 2323 γράμματος

267 2333 334 2414 ᾗσι,
353 2332 418 2393 τινιὶ
431 2330 464 2391 δὲ
475 2339 682 2412 προσκείμενα,
702 2331 766 2390 τινὰ
779 2329 812 2389 δὲ
827 2333 1045 2407 ὑπηλλαγμένα.
1065 2329 1258 2410 παράδειγμα

268 2422 296 2485 δ’
318 2423 345 2482 ei
363 2423 463 2499 βούλει
481 2423 586 2479 τούτου
606 2427 765 2500 σαφηνείας
790 2421 870 2477 ἕνεκα
889 2419 941 2478 τὸν
960 2417 1097 2500 δεύτερον
1114 2421 1257 2479 Αὐτόλυ-

267 2535 319 2574 κον
345 2507 517 2582 Εὐπόλιδος
547 2510 635 2590 ἔχεις,
673 2507 706 2570 ἐκ
735 2511 789 2569 τοῦ
822 2512 968 2588 προτέρου
1000 2505 1256 2586 διασκευασμένον.

268 2617 297 2664 et
314 2612 408 2662 Athen.
425 2611 472 2670 111,
495 2611 552 2661 ita.
576 2611 615 2674 (et
631 2611 659 2678 1,
676 2625 700 2673 p⁸
718 2610 770 2672 41.)
790 2599 972 2679 Ἐπίχαρμος
996 2593 1027 2657 έν
1046 2597 1142 2677 Ἥβας
1166 2601 1256 2678 γάμῳ

267 2691 321 2779 adv
339 2691 496 2762 Μούσαις,
520 2692 608 2749 τοῦτο
628 2685 660 2748 δὲ
685 2687 718 2750 τὸ
738 2687 840 2770 δρᾶμα
858 2686 996 2763 διασκευή
1014 2687 1077 2749 έστι
1100 2691 1160 2750 τιῦν
1177 2711 1257 2771 προ-

267 2785 414 2859 κειμένων.
457 2790 500 2840 ,in
522 2803 598 2853 quem
621 2791 711 2839 iocum
736 2788 915 2840 casaubonus
937 2791 1054 2841 aliorum
1074 2789 1256 2858 Comioorum,

267 2873 469 2938 Aristophanis,
491 2871 664 2934 antiphonis,
688 2872 785 2935 Diphili
795 2872 911 2924 ¹fabulas
929 2876 1086 2924 recentatns
1103 2877 1255 2931 enumerat.

268 2961 354 3010 iieote
371 2956 475 3019 opinor.
509 2949 654 3006 comoedia
671 2954 742 3006 euim
758 2954 889 3022 temporis
899 2955 1074 3006 simulacrum
1089 2959 1138 3012 est,
1172 2957 1255 3005 tiem-

268 3040 448 3105 peremitur,
472 3051 533 3089 eum
550 3041 672 3100 tempore
688 3041 837 3089 evanescit.
870 3039 912 3090 lta
929 3045 959 3088 ut
975 3041 1041 3102 post
1058 3034 1179 3102 cujusvis
1196 3037 1255 3090 Go-

268 3119 454 3174 micimortem
464 3123 569 3171 tabidas
585 3133 639 3170 non
657 3121 771 3183 amplius
788 3135 849 3172 csse
867 3122 964 3172 doctas
982 3121 1026 3170 vel
1044 3121 1174 3183 repetitas
1187 3117 1254 3183 jure

269 3192 431 3257 coutentes:
457 3217 523 3268 quas
549 3208 638 3254 tanen
663 3207 696 3256 ab
722 3204 787 3266 ipsis
812 3203 972 3254 auctoribus
998 3207 1164 3255 retractatas
1190 3216 1254 3254 esse

269 3301 325 3340 uon
342 3287 460 3339 dubites.

335 3371 378 3434 ti)
401 3371 462 3430 Quo
484 3367 604 3433 pertinet
621 3369 701 3420 ctiam
718 3366 840 3432 quaestio
858 3371 891 3420 de
906 3370 988 3420 furtis
1005 3367 1160 3424 litterariis.
1184 3379 1255 3431 quae

270 3454 375 3522 quinem
400 3455 526 3515 sopuooii
552 3458 633 3516 atque
651 3451 771 3514 Euripidi
792 3452 966 3515 imputantur.
990 3454 1040 3504 cir.
1062 3452 1177 3502 boecii.
1202 3451 1253 3508 ii

268 3552 296 3601 p.
314 3537 370 3595 1³1,
393 3550 449 3599 sqq,
471 3535 519 3585 ait
543 3549 601 3599 sqq.
622 3534 754 3584 Schuituii
776 3534 832 3584 Vit.
853 3537 933 3598 soph.
958 3550 983 3598 p.
1006 3535 1055 3584 iat
1077 3547 1135 3596 sqq.
1152 3547 1177 3596 p.
1195 3532 1254 3584 ibt.

270 3621 407 3681 Quaedam
423 3619 590 3682 sententias,
613 3615 710 3680 qrribus
732 3617 859 3679 permulti
879 3621 994 3684 poetae,
1015 3629 1050 3666 ue
1073 3615 1159 3668 dicam
1176 3615 1254 3666 solos

255 3687 414 3766 tragicos,
437 3703 480 3752 usi
496 3704 574 3759 sunt,
595 3713 663 3762 prae
679 3699 791 3763 reliquis
807 3701 952 3762 placebant
968 3697 1174 3750 Atheniensibus
1192 3693 1253 3760 (eir.

269 3783 388 3834 editores
404 3785 529 3847 sopioci.
541 3783 665 3833 Traubio.
684 3797 708 3840 v,
725 3781 763 3844 1).
805 3782 947 3844 Euripides
963 3795 1031 3832 vero
1047 3781 1100 3831 istu
1117 3785 1189 3830 amat
1204 3789 1254 3829 rs-

270 3872 380 3932 petere,
396 3878 466 3928 quae
480 3879 561 3928 suum
577 3866 662 3930 ipsius
678 3876 822 3916 mucosum
838 3864 922 3915 semei
940 3865 1060 3921 tulerint.
1093 3865 1255 3924 Plerumque
