<?xml version="1.0" encoding="UTF-8"?>
<!DOCTYPE html PUBLIC "-//W3C//DTD XHTML 1.0 Transitional//EN"
    "http://www.w3.org/TR/xhtml1/DTD/xhtml1-transitional.dtd">
<html xmlns="http://www.w3.org/1999/xhtml" xml:lang="en" lang="en">
 <head>
  <title>
</title>
<meta http-equiv="Content-Type" content="text/html;charset=utf-8" />
  <meta name='ocr-system' content='tesseract 3.04.00' />
  <meta name='ocr-capabilities' content='ocr_page ocr_carea ocr_par ocr_line ocrx_word'/>
</head>
<body>
  <div class='ocr_page' id='page_1' title='image "./deaeschylisopho01richgoog_0073.png"; bbox 0 0 2776 4656; ppageno 0'>
   <div class='ocr_carea' id='block_1_1' title="bbox 645 301 851 424">
    <p class='ocr_par' dir='ltr' id='par_1_1' title="bbox 645 301 851 424">
     <span class='ocr_line' id='line_1_1' title="bbox 834 301 836 314; baseline 0 0"><span class='ocrx_word' id='word_1_1' title='bbox 834 301 836 314; x_wconf 96' lang='grc' dir='ltr'>Ι</span> 
     </span>
     <span class='ocr_line' id='line_1_2' title="bbox 645 361 851 424; baseline 0 -19"><span class='ocrx_word' id='word_1_2' title='bbox 645 392 687 405; x_wconf 79' lang='grc'>-</span> <span class='ocrx_word' id='word_1_3' title='bbox 727 361 772 424; x_wconf 61' lang='grc' dir='ltr'>ω</span> <span class='ocrx_word' id='word_1_4' title='bbox 811 395 851 405; x_wconf 80' lang='grc' dir='ltr'><strong>-ι</strong></span> 
     </span>
    </p>
   </div>
   <div class='ocr_carea' id='block_1_2' title="bbox 255 520 1253 786">
    <p class='ocr_par' dir='ltr' id='par_1_2' title="bbox 255 520 1253 786">
     <span class='ocr_line' id='line_1_3' title="bbox 257 520 1253 606; baseline -0.002 -20"><span class='ocrx_word' id='word_1_5' title='bbox 257 529 347 586; x_wconf 84' lang='lat' dir='ltr'><strong>multa</strong></span> <span class='ocrx_word' id='word_1_6' title='bbox 372 521 523 599; x_wconf 73' lang='lat' dir='ltr'>scripsisse</span> <span class='ocrx_word' id='word_1_7' title='bbox 552 521 641 580; x_wconf 77' lang='lat' dir='ltr'>tradit</span> <span class='ocrx_word' id='word_1_8' title='bbox 655 520 726 606; x_wconf 83' lang='lat'><strong>¹⁸¹).</strong></span> <span class='ocrx_word' id='word_1_9' title='bbox 746 557 785 570; x_wconf 91' lang='grc'>-</span> <span class='ocrx_word' id='word_1_10' title='bbox 802 525 909 588; x_wconf 84' lang='lat' dir='ltr'><strong>Istrum</strong></span> <span class='ocrx_word' id='word_1_11' title='bbox 932 525 1109 600; x_wconf 86' lang='lat' dir='ltr'><strong>reliquorum</strong></span> <span class='ocrx_word' id='word_1_12' title='bbox 1134 538 1253 600; x_wconf 81' lang='lat' dir='ltr'><strong>quoque</strong></span> 
     </span>
     <span class='ocr_line' id='line_1_4' title="bbox 256 615 1253 693; baseline -0.003 -15"><span class='ocrx_word' id='word_1_13' title='bbox 256 615 442 691; x_wconf 77' lang='lat' dir='ltr'><strong>‘l&#39;ragicmum</strong></span> <span class='ocrx_word' id='word_1_14' title='bbox 461 615 549 673; x_wconf 85' lang='lat' dir='ltr'><strong>simili</strong></span> <span class='ocrx_word' id='word_1_15' title='bbox 567 615 681 674; x_wconf 86' lang='lat' dir='ltr'><strong>ratione</strong></span> <span class='ocrx_word' id='word_1_16' title='bbox 700 616 816 690; x_wconf 86' lang='lat' dir='ltr'><strong>saepius</strong></span> <span class='ocrx_word' id='word_1_17' title='bbox 835 617 1011 693; x_wconf 81' lang='lat' dir='ltr'><strong>meminisse,</strong></span> <span class='ocrx_word' id='word_1_18' title='bbox 1030 617 1181 692; x_wconf 81' lang='lat' dir='ltr'><strong>probabile</strong></span> <span class='ocrx_word' id='word_1_19' title='bbox 1193 623 1253 675; x_wconf 88' lang='lat' dir='ltr'><strong>est.</strong></span> 
     </span>
     <span class='ocr_line' id='line_1_5' title="bbox 255 707 1194 786; baseline -0.003 -17"><span class='ocrx_word' id='word_1_20' title='bbox 255 711 331 769; x_wconf 88' lang='lat' dir='ltr'><strong>Eum</strong></span> <span class='ocrx_word' id='word_1_21' title='bbox 349 709 479 769; x_wconf 81' lang='lat' dir='ltr'><strong>criticam</strong></span> <span class='ocrx_word' id='word_1_22' title='bbox 496 722 556 764; x_wconf 90' lang='lat' dir='ltr'><strong>non</strong></span> <span class='ocrx_word' id='word_1_23' title='bbox 575 707 737 786; x_wconf 71' lang='lat' dir='ltr'><strong>factitasse,</strong></span> <span class='ocrx_word' id='word_1_24' title='bbox 757 719 816 766; x_wconf 83' lang='lat' dir='ltr'><strong>non</strong></span> <span class='ocrx_word' id='word_1_25' title='bbox 835 712 881 768; x_wconf 87' lang='lat' dir='ltr'><strong>est</strong></span> <span class='ocrx_word' id='word_1_26' title='bbox 900 708 977 782; x_wconf 82' lang='lat' dir='ltr'><strong>qood</strong></span> <span class='ocrx_word' id='word_1_27' title='bbox 996 725 1136 766; x_wconf 85' lang='lat' dir='ltr'><strong>moneam</strong></span> <span class='ocrx_word' id='word_1_28' title='bbox 1156 738 1194 753; x_wconf 86' lang='lat'>-</span> 
     </span>
    </p>
   </div>
   <div class='ocr_carea' id='block_1_3' title="bbox 183 799 1304 2704">
    <p class='ocr_par' dir='ltr' id='par_1_3' title="bbox 183 799 1304 2704">
     <span class='ocr_line' id='line_1_6' title="bbox 337 799 1252 894; baseline -0.002 -19"><span class='ocrx_word' id='word_1_29' title='bbox 337 819 385 875; x_wconf 93' lang='lat' dir='ltr'><strong>An</strong></span> <span class='ocrx_word' id='word_1_30' title='bbox 408 800 680 882; x_wconf 66' lang='lat' dir='ltr'><strong>Eratosthenes</strong></span> <span class='ocrx_word' id='word_1_31' title='bbox 704 831 819 891; x_wconf 89' lang='lat' dir='ltr'><strong>quoque</strong></span> <span class='ocrx_word' id='word_1_32' title='bbox 839 815 1013 873; x_wconf 89' lang='lat' dir='ltr'><strong>didascalica</strong></span> <span class='ocrx_word' id='word_1_33' title='bbox 1026 799 1185 894; x_wconf 82' lang='lat' dir='ltr'><strong>scripserit,</strong></span> <span class='ocrx_word' id='word_1_34' title='bbox 1207 818 1252 873; x_wconf 92' lang='lat' dir='ltr'><strong>in-</strong></span> 
     </span>
     <span class='ocr_line' id='line_1_7' title="bbox 256 901 1254 986; baseline -0.006 -17"><span class='ocrx_word' id='word_1_35' title='bbox 256 916 366 969; x_wconf 86' lang='lat' dir='ltr'><strong>certum</strong></span> <span class='ocrx_word' id='word_1_36' title='bbox 385 901 438 970; x_wconf 80' lang='lat' dir='ltr'><strong>est.</strong></span> <span class='ocrx_word' id='word_1_37' title='bbox 483 911 607 984; x_wconf 72' lang='lat' dir='ltr'><strong>Egregia</strong></span> <span class='ocrx_word' id='word_1_38' title='bbox 632 911 773 968; x_wconf 87' lang='lat' dir='ltr'><strong>Boeckhii</strong></span> <span class='ocrx_word' id='word_1_39' title='bbox 799 909 943 966; x_wconf 84' lang='lat' dir='ltr'><strong>sententia</strong></span> <span class='ocrx_word' id='word_1_40' title='bbox 963 913 1023 966; x_wconf 86' lang='lat' dir='ltr'><strong>est:</strong></span> <span class='ocrx_word' id='word_1_41' title='bbox 1050 909 1131 986; x_wconf 90' lang='lat' dir='ltr'><strong>„Nee</strong></span> <span class='ocrx_word' id='word_1_42' title='bbox 1153 911 1254 965; x_wconf 83' lang='lat' dir='ltr'><strong>tanren</strong></span> 
     </span>
     <span class='ocr_line' id='line_1_8' title="bbox 256 997 1304 1077; baseline -0.007 -17"><span class='ocrx_word' id='word_1_43' title='bbox 256 1003 464 1060; x_wconf 78' lang='lat' dir='ltr'><strong>Eratosthenes</strong></span> <span class='ocrx_word' id='word_1_44' title='bbox 490 1002 666 1077; x_wconf 81' lang='lat' dir='ltr'><strong>peculiarem</strong></span> <span class='ocrx_word' id='word_1_45' title='bbox 685 1001 721 1057; x_wconf 91' lang='lat' dir='ltr'><strong>de</strong></span> <span class='ocrx_word' id='word_1_46' title='bbox 741 1001 778 1056; x_wconf 91' lang='lat' dir='ltr'><strong>iis</strong></span> <span class='ocrx_word' id='word_1_47' title='bbox 802 999 908 1057; x_wconf 89' lang='lat' dir='ltr'><strong>librum</strong></span> <span class='ocrx_word' id='word_1_48' title='bbox 934 999 1041 1076; x_wconf 83' lang='lat' dir='ltr'><strong>edidit,</strong></span> <span class='ocrx_word' id='word_1_49' title='bbox 1067 997 1120 1056; x_wconf 86' lang='lat' dir='ltr'><strong>sed</strong></span> <span class='ocrx_word' id='word_1_50' title='bbox 1145 1015 1194 1054; x_wconf 85' lang='lat' dir='ltr'><strong>eas</strong></span> <span class='ocrx_word' id='word_1_51' title='bbox 1221 1000 1275 1058; x_wconf 89' lang='lat' dir='ltr'><strong>in·</strong></span> <span class='ocrx_word' id='word_1_52' title='bbox 1299 1007 1304 1018; x_wconf 91' lang='grc'><em>·</em></span> 
     </span>
     <span class='ocr_line' id='line_1_9' title="bbox 257 1087 1253 1167; baseline -0.005 -16"><span class='ocrx_word' id='word_1_53' title='bbox 257 1109 345 1167; x_wconf 88' lang='lat' dir='ltr'><strong>opere</strong></span> <span class='ocrx_word' id='word_1_54' title='bbox 366 1095 402 1151; x_wconf 88' lang='lat' dir='ltr'><strong>de</strong></span> <span class='ocrx_word' id='word_1_55' title='bbox 421 1093 541 1167; x_wconf 87' lang='lat' dir='ltr'><strong>antiqua</strong></span> <span class='ocrx_word' id='word_1_56' title='bbox 561 1089 711 1150; x_wconf 74' lang='lat' dir='ltr'><strong>comoedia</strong></span> <span class='ocrx_word' id='word_1_57' title='bbox 729 1087 856 1162; x_wconf 81' lang='lat' dir='ltr'><strong>attigit.“</strong></span> <span class='ocrx_word' id='word_1_58' title='bbox 900 1090 1002 1163; x_wconf 85' lang='lat' dir='ltr'><strong>Neque</strong></span> <span class='ocrx_word' id='word_1_59' title='bbox 1023 1089 1058 1146; x_wconf 91' lang='lat' dir='ltr'><strong>dc</strong></span> <span class='ocrx_word' id='word_1_60' title='bbox 1078 1089 1189 1160; x_wconf 83' lang='lat' dir='ltr'><strong>tragica</strong></span> <span class='ocrx_word' id='word_1_61' title='bbox 1209 1087 1253 1146; x_wconf 89' lang='lat' dir='ltr'><strong>di-</strong></span> 
     </span>
     <span class='ocr_line' id='line_1_10' title="bbox 183 1179 1253 1255; baseline -0.007 -13"><span class='ocrx_word' id='word_1_62' title='bbox 183 1183 202 1252; x_wconf 82' lang='grc'><strong>,’</strong></span> <span class='ocrx_word' id='word_1_63' title='bbox 257 1185 383 1243; x_wconf 88' lang='lat' dir='ltr'><strong>dascalia</strong></span> <span class='ocrx_word' id='word_1_64' title='bbox 402 1183 771 1255; x_wconf 76' lang='lat' dir='ltr'><strong>Eratosthenemunquam</strong></span> <span class='ocrx_word' id='word_1_65' title='bbox 791 1181 955 1255; x_wconf 90' lang='lat' dir='ltr'><strong>disputasse</strong></span> <span class='ocrx_word' id='word_1_66' title='bbox 982 1181 1097 1237; x_wconf 89' lang='lat' dir='ltr'><strong>scimus.</strong></span> <span class='ocrx_word' id='word_1_67' title='bbox 1141 1179 1253 1246; x_wconf 82' lang='lat' dir='ltr'><strong>&#39;Quam-</strong></span> 
     </span>
     <span class='ocr_line' id='line_1_11' title="bbox 244 1269 1253 1354; baseline -0.006 -22"><span class='ocrx_word' id='word_1_68' title='bbox 244 1293 344 1354; x_wconf 24' lang='lat' dir='ltr'><strong>,quam</strong></span> <span class='ocrx_word' id='word_1_69' title='bbox 363 1275 503 1352; x_wconf 83' lang='lat' dir='ltr'><strong>Athenis,</strong></span> <span class='ocrx_word' id='word_1_70' title='bbox 523 1273 600 1330; x_wconf 91' lang='lat' dir='ltr'><strong>uude</strong></span> <span class='ocrx_word' id='word_1_71' title='bbox 620 1273 827 1330; x_wconf 85' lang='lat' dir='ltr'><strong>Alexandriam</strong></span> <span class='ocrx_word' id='word_1_72' title='bbox 845 1273 991 1346; x_wconf 88' lang='lat' dir='ltr'><strong>proiectus</strong></span> <span class='ocrx_word' id='word_1_73' title='bbox 1011 1275 1071 1347; x_wconf 88' lang='lat' dir='ltr'><strong>est,</strong></span> <span class='ocrx_word' id='word_1_74' title='bbox 1101 1269 1253 1327; x_wconf 83' lang='lat' dir='ltr'><strong>consulere</strong></span> 
     </span>
     <span class='ocr_line' id='line_1_12' title="bbox 257 1361 1253 1440; baseline -0.002 -18"><span class='ocrx_word' id='word_1_75' title='bbox 257 1385 324 1422; x_wconf 91' lang='lat' dir='ltr'><strong>eum</strong></span> <span class='ocrx_word' id='word_1_76' title='bbox 348 1367 413 1440; x_wconf 88' lang='lat' dir='ltr'><strong>ipsa</strong></span> <span class='ocrx_word' id='word_1_77' title='bbox 438 1365 661 1422; x_wconf 87' lang='lat' dir='ltr'><strong>didascaliarum</strong></span> <span class='ocrx_word' id='word_1_78' title='bbox 685 1366 871 1419; x_wconf 87' lang='lat' dir='ltr'><strong>monumenta</strong></span> <span class='ocrx_word' id='word_1_79' title='bbox 894 1361 1042 1438; x_wconf 92' lang='lat' dir='ltr'><strong>potuisse,</strong></span> <span class='ocrx_word' id='word_1_80' title='bbox 1068 1361 1157 1418; x_wconf 86' lang='lat' dir='ltr'><strong>etiam</strong></span> <span class='ocrx_word' id='word_1_81' title='bbox 1174 1361 1253 1420; x_wconf 79' lang='lat' dir='ltr'><strong>xan-</strong></span> 
     </span>
     <span class='ocr_line' id='line_1_13' title="bbox 256 1451 1252 1528; baseline -0.004 -16"><span class='ocrx_word' id='word_1_82' title='bbox 256 1451 323 1513; x_wconf 89' lang='lat' dir='ltr'><strong>kius</strong></span> <span class='ocrx_word' id='word_1_83' title='bbox 355 1455 521 1528; x_wconf 83' lang='lat' dir='ltr'><strong>profitetur:</strong></span> <span class='ocrx_word' id='word_1_84' title='bbox 553 1453 640 1526; x_wconf 89' lang='lat' dir='ltr'><strong>idque</strong></span> <span class='ocrx_word' id='word_1_85' title='bbox 672 1454 702 1508; x_wconf 87' lang='lat' dir='ltr'><strong>et</strong></span> <span class='ocrx_word' id='word_1_86' title='bbox 733 1451 857 1508; x_wconf 82' lang='lat' dir='ltr'><strong>Athenis</strong></span> <span class='ocrx_word' id='word_1_87' title='bbox 889 1467 955 1509; x_wconf 88' lang='lat' dir='ltr'><strong>eum</strong></span> <span class='ocrx_word' id='word_1_88' title='bbox 986 1456 1017 1507; x_wconf 91' lang='lat' dir='ltr'><strong>et</strong></span> <span class='ocrx_word' id='word_1_89' title='bbox 1047 1451 1252 1528; x_wconf 83' lang='lat' dir='ltr'><strong>Alexandriae,</strong></span> 
     </span>
     <span class='ocr_line' id='line_1_14' title="bbox 256 1539 1252 1622; baseline 0.001 -21"><span class='ocrx_word' id='word_1_90' title='bbox 256 1550 395 1622; x_wconf 88' lang='lat' dir='ltr'><strong>quantum</strong></span> <span class='ocrx_word' id='word_1_91' title='bbox 414 1545 476 1602; x_wconf 88' lang='lat' dir='ltr'><strong>fleri</strong></span> <span class='ocrx_word' id='word_1_92' title='bbox 494 1539 605 1620; x_wconf 79' lang='lat' dir='ltr'><strong>potuit&#39;,</strong></span> <span class='ocrx_word' id='word_1_93' title='bbox 626 1543 794 1616; x_wconf 82' lang='lat' dir='ltr'><strong>saepissime</strong></span> <span class='ocrx_word' id='word_1_94' title='bbox 814 1541 928 1617; x_wconf 82' lang='lat' dir='ltr'><strong>secisse,</strong></span> <span class='ocrx_word' id='word_1_95' title='bbox 948 1541 1045 1599; x_wconf 88' lang='lat' dir='ltr'><strong>studia</strong></span> <span class='ocrx_word' id='word_1_96' title='bbox 1064 1543 1127 1613; x_wconf 86' lang='lat' dir='ltr'><strong>ejus</strong></span> <span class='ocrx_word' id='word_1_97' title='bbox 1143 1561 1252 1621; x_wconf 54' lang='lat' dir='ltr'><strong>ppovo*</strong></span> 
     </span>
     <span class='ocr_line' id='line_1_15' title="bbox 255 1631 1251 1718; baseline -0.004 -24"><span class='ocrx_word' id='word_1_98' title='bbox 255 1633 360 1718; x_wconf 65' lang='lat' dir='ltr'><strong>heptad</strong></span> <span class='ocrx_word' id='word_1_99' title='bbox 373 1637 443 1693; x_wconf 89' lang='lat' dir='ltr'><strong>satis</strong></span> <span class='ocrx_word' id='word_1_100' title='bbox 457 1649 601 1710; x_wconf 86' lang='lat' dir='ltr'><strong>superque</strong></span> <span class='ocrx_word' id='word_1_101' title='bbox 614 1634 727 1690; x_wconf 88' lang='lat' dir='ltr'><strong>docent.</strong></span> <span class='ocrx_word' id='word_1_102' title='bbox 761 1632 874 1700; x_wconf 85' lang='lat' dir='ltr'><strong>Quibus</strong></span> <span class='ocrx_word' id='word_1_103' title='bbox 890 1631 976 1690; x_wconf 89' lang='lat' dir='ltr'><strong>simul</strong></span> <span class='ocrx_word' id='word_1_104' title='bbox 989 1633 1127 1690; x_wconf 85' lang='lat' dir='ltr'><strong>certiores</strong></span> <span class='ocrx_word' id='word_1_105' title='bbox 1140 1636 1251 1712; x_wconf 88' lang='lat' dir='ltr'><strong>fiamus,</strong></span> 
     </span>
     <span class='ocr_line' id='line_1_16' title="bbox 256 1723 1251 1802; baseline -0.002 -19"><span class='ocrx_word' id='word_1_106' title='bbox 256 1730 289 1784; x_wconf 92' lang='lat' dir='ltr'><strong>ut</strong></span> <span class='ocrx_word' id='word_1_107' title='bbox 322 1725 484 1802; x_wconf 77' lang='lat' dir='ltr'><strong>philologus</strong></span> <span class='ocrx_word' id='word_1_108' title='bbox 519 1725 568 1782; x_wconf 90' lang='lat' dir='ltr'><strong>illo</strong></span> <span class='ocrx_word' id='word_1_109' title='bbox 603 1723 745 1801; x_wconf 88' lang='lat' dir='ltr'><strong>illustris,</strong></span> <span class='ocrx_word' id='word_1_110' title='bbox 784 1723 870 1781; x_wconf 89' lang='lat' dir='ltr'><strong>modo</strong></span> <span class='ocrx_word' id='word_1_111' title='bbox 905 1724 1143 1780; x_wconf 89' lang='lat' dir='ltr'><strong>commentarium</strong></span> <span class='ocrx_word' id='word_1_112' title='bbox 1182 1725 1251 1782; x_wconf 90' lang='lat' dir='ltr'><strong>scri·</strong></span> 
     </span>
     <span class='ocr_line' id='line_1_17' title="bbox 256 1815 1251 1902; baseline -0.004 -27"><span class='ocrx_word' id='word_1_113' title='bbox 256 1818 348 1902; x_wconf 68' lang='lat' dir='ltr'><strong>leserit</strong></span> <span class='ocrx_word' id='word_1_114' title='bbox 366 1818 398 1874; x_wconf 92' lang='lat' dir='ltr'><strong>iu</strong></span> <span class='ocrx_word' id='word_1_115' title='bbox 416 1815 571 1892; x_wconf 75' lang='lat' dir='ltr'><strong>Tragicos,</strong></span> <span class='ocrx_word' id='word_1_116' title='bbox 591 1816 760 1890; x_wconf 89' lang='lat' dir='ltr'><strong>plerumque</strong></span> <span class='ocrx_word' id='word_1_117' title='bbox 780 1815 983 1872; x_wconf 86' lang='lat' dir='ltr'><strong>historicarum</strong></span> <span class='ocrx_word' id='word_1_118' title='bbox 1000 1831 1098 1874; x_wconf 86' lang='lat' dir='ltr'><strong>rerum</strong></span> <span class='ocrx_word' id='word_1_119' title='bbox 1115 1815 1251 1872; x_wconf 88' lang='lat' dir='ltr'><strong>hahuerit</strong></span> 
     </span>
     <span class='ocr_line' id='line_1_18' title="bbox 255 1901 1251 1993; baseline -0.004 -27"><span class='ocrx_word' id='word_1_120' title='bbox 255 1910 413 1993; x_wconf 87' lang='lat' dir='ltr'><strong>rationem,</strong></span> <span class='ocrx_word' id='word_1_121' title='bbox 440 1912 491 1968; x_wconf 88' lang='lat' dir='ltr'><strong>aut</strong></span> <span class='ocrx_word' id='word_1_122' title='bbox 515 1907 553 1964; x_wconf 86' lang='lat' dir='ltr'><strong>ad</strong></span> <span class='ocrx_word' id='word_1_123' title='bbox 578 1923 720 1964; x_wconf 80' lang='lat' dir='ltr'><strong>surranum</strong></span> <span class='ocrx_word' id='word_1_124' title='bbox 745 1905 859 1976; x_wconf 79' lang='lat' dir='ltr'><strong>singula</strong></span> <span class='ocrx_word' id='word_1_125' title='bbox 876 1905 966 1962; x_wconf 83' lang='lat' dir='ltr'><strong>verba</strong></span> <span class='ocrx_word' id='word_1_126' title='bbox 992 1906 1163 1979; x_wconf 84' lang='lat' dir='ltr'><strong>explicuerit</strong></span> <span class='ocrx_word' id='word_1_127' title='bbox 1181 1901 1251 1982; x_wconf 67' lang='lat' dir='ltr'><strong>poe&#39;·</strong></span> 
     </span>
     <span class='ocr_line' id='line_1_19' title="bbox 255 1993 1249 2073; baseline -0.002 -17"><span class='ocrx_word' id='word_1_128' title='bbox 255 2005 358 2056; x_wconf 86' lang='lat' dir='ltr'><strong>tarum.</strong></span> <span class='ocrx_word' id='word_1_129' title='bbox 407 1997 568 2054; x_wconf 82' lang='lat' dir='ltr'><strong>Scholiasta</strong></span> <span class='ocrx_word' id='word_1_130' title='bbox 596 1997 674 2052; x_wconf 88' lang='lat' dir='ltr'><strong>enim</strong></span> <span class='ocrx_word' id='word_1_131' title='bbox 702 1997 802 2070; x_wconf 86' lang='lat' dir='ltr'><strong>Eurip.</strong></span> <span class='ocrx_word' id='word_1_132' title='bbox 831 1994 936 2054; x_wconf 78' lang='lat' dir='ltr'><strong>moad.</strong></span> <span class='ocrx_word' id='word_1_133' title='bbox 967 2010 994 2052; x_wconf 78' lang='lat' dir='ltr'><strong>r.</strong></span> <span class='ocrx_word' id='word_1_134' title='bbox 1026 1993 1098 2054; x_wconf 82' lang='lat'>1175</span> <span class='ocrx_word' id='word_1_135' title='bbox 1126 1998 1249 2073; x_wconf 84' lang='lat' dir='ltr'><strong>integra,</strong></span> 
     </span>
     <span class='ocr_line' id='line_1_20' title="bbox 256 2084 1247 2167; baseline -0.005 -21"><span class='ocrx_word' id='word_1_136' title='bbox 256 2093 289 2167; x_wconf 85' lang='lat' dir='ltr'><strong>ut</strong></span> <span class='ocrx_word' id='word_1_137' title='bbox 307 2087 437 2162; x_wconf 86' lang='lat' dir='ltr'><strong>videtur,</strong></span> <span class='ocrx_word' id='word_1_138' title='bbox 457 2084 658 2146; x_wconf 86' lang='lat' dir='ltr'><strong>Eratosthenis</strong></span> <span class='ocrx_word' id='word_1_139' title='bbox 678 2087 767 2144; x_wconf 85' lang='lat' dir='ltr'><strong>verba</strong></span> <span class='ocrx_word' id='word_1_140' title='bbox 785 2085 884 2144; x_wconf 82' lang='lat' dir='ltr'><strong>affert:</strong></span> <span class='ocrx_word' id='word_1_141' title='bbox 905 2099 979 2160; x_wconf 87' lang='lat' dir='ltr'><strong>quac</strong></span> <span class='ocrx_word' id='word_1_142' title='bbox 1000 2089 1109 2161; x_wconf 91' lang='lat' dir='ltr'><strong>optime</strong></span> <span class='ocrx_word' id='word_1_143' title='bbox 1128 2092 1247 2164; x_wconf 86' lang='lat' dir='ltr'><strong>possunt</strong></span> 
     </span>
     <span class='ocr_line' id='line_1_21' title="bbox 256 2175 1247 2256; baseline -0.003 -21"><span class='ocrx_word' id='word_1_144' title='bbox 256 2177 491 2256; x_wconf 86' lang='lat' dir='ltr'><strong>ecommentario</strong></span> <span class='ocrx_word' id='word_1_145' title='bbox 504 2179 552 2235; x_wconf 82' lang='lat' dir='ltr'><strong>vel</strong></span> <span class='ocrx_word' id='word_1_146' title='bbox 569 2178 666 2251; x_wconf 86' lang='lat' dir='ltr'><strong>potius</strong></span> <span class='ocrx_word' id='word_1_147' title='bbox 686 2191 702 2234; x_wconf 89' lang='lat' dir='ltr'><strong>e</strong></span> <span class='ocrx_word' id='word_1_148' title='bbox 722 2175 863 2248; x_wconf 83' lang='lat' dir='ltr'><strong>glossario</strong></span> <span class='ocrx_word' id='word_1_149' title='bbox 882 2176 1054 2252; x_wconf 86' lang='lat' dir='ltr'><strong>deprompta</strong></span> <span class='ocrx_word' id='word_1_150' title='bbox 1073 2196 1146 2238; x_wconf 90' lang='lat' dir='ltr'><strong>esse.</strong></span> <span class='ocrx_word' id='word_1_151' title='bbox 1184 2177 1247 2244; x_wconf 85' lang='lat' dir='ltr'><strong>Quo</strong></span> 
     </span>
     <span class='ocr_line' id='line_1_22' title="bbox 255 2265 1251 2346; baseline -0.001 -21"><span class='ocrx_word' id='word_1_152' title='bbox 255 2269 383 2345; x_wconf 90' lang='lat' dir='ltr'><strong>pertinet</strong></span> <span class='ocrx_word' id='word_1_153' title='bbox 401 2267 505 2342; x_wconf 86' lang='lat' dir='ltr'><strong>opinor</strong></span> <span class='ocrx_word' id='word_1_154' title='bbox 524 2268 610 2325; x_wconf 88' lang='lat' dir='ltr'><strong>etiam</strong></span> <span class='ocrx_word' id='word_1_155' title='bbox 630 2265 752 2325; x_wconf 88' lang='lat' dir='ltr'><strong>historia</strong></span> <span class='ocrx_word' id='word_1_156' title='bbox 776 2268 826 2326; x_wconf 92' lang='lat' dir='ltr'><strong>illa</strong></span> <span class='ocrx_word' id='word_1_157' title='bbox 843 2266 942 2325; x_wconf 84' lang='lat' dir='ltr'><strong>brevis</strong></span> <span class='ocrx_word' id='word_1_158' title='bbox 967 2269 1018 2342; x_wconf 79' lang='grc' dir='ltr'><strong>τῆς</strong></span> <span class='ocrx_word' id='word_1_159' title='bbox 1041 2267 1251 2346; x_wconf 74' lang='grc' dir='ltr'><em>φυλλοβολίας,</em></span> 
     </span>
     <span class='ocr_line' id='line_1_23' title="bbox 256 2349 1250 2440; baseline -0.004 -22"><span class='ocrx_word' id='word_1_160' title='bbox 256 2361 349 2419; x_wconf 88' lang='lat' dir='ltr'><strong>Schol.</strong></span> <span class='ocrx_word' id='word_1_161' title='bbox 381 2359 492 2416; x_wconf 87' lang='lat' dir='ltr'><strong>Hecub.</strong></span> <span class='ocrx_word' id='word_1_162' title='bbox 522 2357 577 2415; x_wconf 84' lang='grc'><strong>569</strong></span> <span class='ocrx_word' id='word_1_163' title='bbox 592 2355 663 2440; x_wconf 82' lang='lat'><strong>¹⁸⁴).</strong></span> <span class='ocrx_word' id='word_1_164' title='bbox 682 2391 722 2403; x_wconf 85' lang='lat'>-</span> <span class='ocrx_word' id='word_1_165' title='bbox 739 2359 787 2415; x_wconf 92' lang='lat' dir='ltr'><strong>An</strong></span> <span class='ocrx_word' id='word_1_166' title='bbox 814 2359 941 2432; x_wconf 87' lang='lat' dir='ltr'><strong>reliquos</strong></span> <span class='ocrx_word' id='word_1_167' title='bbox 971 2349 1090 2432; x_wconf 85' lang='lat' dir='ltr'><strong>quoque¹</strong></span> <span class='ocrx_word' id='word_1_168' title='bbox 1111 2359 1250 2430; x_wconf 73' lang='lat' dir='ltr'><strong>&#39;tragicos</strong></span> 
     </span>
     <span class='ocr_line' id='line_1_24' title="bbox 255 2449 1252 2527; baseline 0 -20"><span class='ocrx_word' id='word_1_169' title='bbox 255 2453 344 2508; x_wconf 90' lang='lat' dir='ltr'><strong>simili</strong></span> <span class='ocrx_word' id='word_1_170' title='bbox 356 2451 468 2506; x_wconf 88' lang='lat' dir='ltr'><strong>ratione</strong></span> <span class='ocrx_word' id='word_1_171' title='bbox 480 2449 678 2525; x_wconf 86' lang='lat' dir='ltr'><strong>illustraverit,</strong></span> <span class='ocrx_word' id='word_1_172' title='bbox 698 2449 853 2507; x_wconf 86' lang='lat' dir='ltr'><strong>admodum</strong></span> <span class='ocrx_word' id='word_1_173' title='bbox 866 2449 985 2506; x_wconf 87' lang='lat' dir='ltr'><strong>dubium</strong></span> <span class='ocrx_word' id='word_1_174' title='bbox 998 2453 1058 2507; x_wconf 86' lang='lat' dir='ltr'><strong>est:</strong></span> <span class='ocrx_word' id='word_1_175' title='bbox 1077 2465 1252 2527; x_wconf 85' lang='lat' dir='ltr'><strong>quamquam</strong></span> 
     </span>
     <span class='ocr_line' id='line_1_25' title="bbox 255 2537 1250 2618; baseline 0 -20"><span class='ocrx_word' id='word_1_176' title='bbox 255 2557 356 2598; x_wconf 87' lang='lat' dir='ltr'><strong>eorum</strong></span> <span class='ocrx_word' id='word_1_177' title='bbox 374 2539 485 2598; x_wconf 79' lang='lat' dir='ltr'><strong>fabulas</strong></span> <span class='ocrx_word' id='word_1_178' title='bbox 505 2537 647 2598; x_wconf 81' lang='lat' dir='ltr'><strong>lectitavit</strong></span> <span class='ocrx_word' id='word_1_179' title='bbox 665 2544 701 2596; x_wconf 88' lang='lat' dir='ltr'><strong>ut</strong></span> <span class='ocrx_word' id='word_1_180' title='bbox 717 2539 831 2598; x_wconf 83' lang='lat' dir='ltr'><strong>abrmde</strong></span> <span class='ocrx_word' id='word_1_181' title='bbox 850 2539 1026 2614; x_wconf 85' lang='lat' dir='ltr'><strong>reliquorum</strong></span> <span class='ocrx_word' id='word_1_182' title='bbox 1050 2554 1171 2618; x_wconf 85' lang='lat' dir='ltr'><strong>operum</strong></span> <span class='ocrx_word' id='word_1_183' title='bbox 1193 2544 1250 2598; x_wconf 83' lang='lat' dir='ltr'><strong>ira-</strong></span> 
     </span>
     <span class='ocr_line' id='line_1_26' title="bbox 255 2632 1228 2704; baseline -0.004 -15"><span class='ocrx_word' id='word_1_184' title='bbox 255 2636 371 2704; x_wconf 81' lang='lat' dir='ltr'><strong>gmenta</strong></span> <span class='ocrx_word' id='word_1_185' title='bbox 389 2632 503 2690; x_wconf 84' lang='lat' dir='ltr'><strong>docent.</strong></span> <span class='ocrx_word' id='word_1_186' title='bbox 522 2639 562 2676; x_wconf 80' lang='lat'><strong>-—&#39;</strong></span> <span class='ocrx_word' id='word_1_187' title='bbox 1225 2635 1228 2640; x_wconf 81' lang='grc'>’</span> 
     </span>
    </p>
   </div>
   <div class='ocr_carea' id='block_1_4' title="bbox 173 2722 1251 3276">
    <p class='ocr_par' dir='ltr' id='par_1_4' title="bbox 173 2722 1251 3276">
     <span class='ocr_line' id='line_1_27' title="bbox 328 2722 1250 2823; baseline 0 -24"><span class='ocrx_word' id='word_1_188' title='bbox 328 2724 570 2823; x_wconf 70' lang='lat' dir='ltr'><strong>Apollonium</strong></span> <span class='ocrx_word' id='word_1_189' title='bbox 592 2722 776 2798; x_wconf 75' lang='lat' dir='ltr'><strong>Rhodium</strong></span> <span class='ocrx_word' id='word_1_190' title='bbox 799 2737 831 2794; x_wconf 88' lang='lat' dir='ltr'><strong>in</strong></span> <span class='ocrx_word' id='word_1_191' title='bbox 843 2737 1013 2814; x_wconf 83' lang='lat' dir='ltr'><strong>Euripidem</strong></span> <span class='ocrx_word' id='word_1_192' title='bbox 1026 2741 1250 2800; x_wconf 88' lang='lat' dir='ltr'><strong>commentatum</strong></span> 
     </span>
     <span class='ocr_line' id='line_1_28' title="bbox 255 2835 1250 2915; baseline -0.005 -18"><span class='ocrx_word' id='word_1_193' title='bbox 255 2856 337 2915; x_wconf 90' lang='lat' dir='ltr'><strong>esso,</strong></span> <span class='ocrx_word' id='word_1_194' title='bbox 363 2837 390 2895; x_wconf 90' lang='lat' dir='ltr'><strong>si</strong></span> <span class='ocrx_word' id='word_1_195' title='bbox 415 2837 488 2896; x_wconf 89' lang='lat' dir='ltr'><strong>duce</strong></span> <span class='ocrx_word' id='word_1_196' title='bbox 514 2838 669 2895; x_wconf 87' lang='lat' dir='ltr'><strong>scholiasta</strong></span> <span class='ocrx_word' id='word_1_197' title='bbox 688 2837 757 2894; x_wconf 81' lang='lat' dir='ltr'><strong>Eur.</strong></span> <span class='ocrx_word' id='word_1_198' title='bbox 777 2835 854 2892; x_wconf 88' lang='lat' dir='ltr'><strong>Med.</strong></span> <span class='ocrx_word' id='word_1_199' title='bbox 877 2835 949 2894; x_wconf 82' lang='lat'>1324</span> <span class='ocrx_word' id='word_1_200' title='bbox 969 2837 1174 2914; x_wconf 88' lang='lat' dir='ltr'><strong>concederem,</strong></span> <span class='ocrx_word' id='word_1_201' title='bbox 1200 2837 1250 2894; x_wconf 89' lang='lat' dir='ltr'><strong>ubi</strong></span> 
     </span>
     <span class='ocr_line' id='line_1_29' title="bbox 255 2925 1250 3004; baseline -0.004 -16"><span class='ocrx_word' id='word_1_202' title='bbox 255 2947 321 2988; x_wconf 91' lang='lat' dir='ltr'><strong>cum</strong></span> <span class='ocrx_word' id='word_1_203' title='bbox 350 2929 525 2988; x_wconf 83' lang='lat' dir='ltr'><strong>Callimacho</strong></span> <span class='ocrx_word' id='word_1_204' title='bbox 556 2945 616 2986; x_wconf 89' lang='lat' dir='ltr'><strong>uua</strong></span> <span class='ocrx_word' id='word_1_205' title='bbox 646 2930 838 3004; x_wconf 88' lang='lat' dir='ltr'><strong>memoratur,</strong></span> <span class='ocrx_word' id='word_1_206' title='bbox 869 2927 959 2984; x_wconf 89' lang='lat' dir='ltr'><strong>etiam</strong></span> <span class='ocrx_word' id='word_1_207' title='bbox 987 2927 1054 2984; x_wconf 91' lang='lat' dir='ltr'><strong>huic</strong></span> <span class='ocrx_word' id='word_1_208' title='bbox 1083 2925 1250 3004; x_wconf 85' lang='lat' dir='ltr'><strong>interpretis</strong></span> 
     </span>
     <span class='ocr_line' id='line_1_30' title="bbox 173 3009 1251 3094; baseline -0.003 -16"><span class='ocrx_word' id='word_1_209' title='bbox 173 3009 175 3014; x_wconf 63' lang='grc'><strong>’</strong></span> <span class='ocrx_word' id='word_1_210' title='bbox 256 3037 363 3078; x_wconf 80' lang='lat' dir='ltr'><strong>nonreu</strong></span> <span class='ocrx_word' id='word_1_211' title='bbox 388 3019 517 3078; x_wconf 84' lang='lat' dir='ltr'><strong>tribuere</strong></span> <span class='ocrx_word' id='word_1_212' title='bbox 543 3035 670 3092; x_wconf 77' lang='lat' dir='ltr'><strong>cogerer.</strong></span> <span class='ocrx_word' id='word_1_213' title='bbox 714 3022 822 3082; x_wconf 88' lang='lat' dir='ltr'><strong>Verum</strong></span> <span class='ocrx_word' id='word_1_214' title='bbox 848 3035 886 3074; x_wconf 87' lang='lat' dir='ltr'><strong>ex</strong></span> <span class='ocrx_word' id='word_1_215' title='bbox 904 3017 1055 3089; x_wconf 85' lang='lat' dir='ltr'><strong>utriusque</strong></span> <span class='ocrx_word' id='word_1_216' title='bbox 1074 3020 1251 3094; x_wconf 91' lang='lat' dir='ltr'><strong>nescioquo</strong></span> 
     </span>
     <span class='ocr_line' id='line_1_31' title="bbox 257 3095 1250 3190; baseline -0.002 -22"><span class='ocrx_word' id='word_1_217' title='bbox 257 3129 362 3190; x_wconf 90' lang='lat' dir='ltr'><strong>opere,</strong></span> <span class='ocrx_word' id='word_1_218' title='bbox 384 3129 458 3186; x_wconf 88' lang='lat' dir='ltr'><strong>quae</strong></span> <span class='ocrx_word' id='word_1_219' title='bbox 479 3111 635 3168; x_wconf 84' lang='lat' dir='ltr'><strong>scholiasta</strong></span> <span class='ocrx_word' id='word_1_220' title='bbox 653 3111 753 3186; x_wconf 84' lang='lat' dir='ltr'><strong>affert,</strong></span> <span class='ocrx_word' id='word_1_221' title='bbox 774 3109 945 3183; x_wconf 85' lang='lat' dir='ltr'><strong>deprompta</strong></span> <span class='ocrx_word' id='word_1_222' title='bbox 963 3107 1100 3164; x_wconf 71' lang='lat' dir='ltr'><strong>ridentur</strong></span> <span class='ocrx_word' id='word_1_223' title='bbox 1118 3126 1193 3170; x_wconf 83' lang='lat' dir='ltr'><strong>esse.</strong></span> <span class='ocrx_word' id='word_1_224' title='bbox 1206 3095 1250 3153; x_wconf 53' lang='lat'><strong>‘-</strong></span> 
     </span>
     <span class='ocr_line' id='line_1_32' title="bbox 254 3195 1250 3276; baseline -0.005 -14"><span class='ocrx_word' id='word_1_225' title='bbox 254 3204 353 3262; x_wconf 87' lang='lat' dir='ltr'><strong>Alium</strong></span> <span class='ocrx_word' id='word_1_226' title='bbox 372 3205 469 3262; x_wconf 87' lang='lat' dir='ltr'><strong>autem</strong></span> <span class='ocrx_word' id='word_1_227' title='bbox 488 3201 675 3276; x_wconf 89' lang='lat' dir='ltr'><strong>Apollonium</strong></span> <span class='ocrx_word' id='word_1_228' title='bbox 693 3217 728 3258; x_wconf 86' lang='lat' dir='ltr'><strong>ae</strong></span> <span class='ocrx_word' id='word_1_229' title='bbox 753 3198 944 3272; x_wconf 89' lang='lat' dir='ltr'><strong>posteriorem</strong></span> <span class='ocrx_word' id='word_1_230' title='bbox 964 3195 1082 3272; x_wconf 89' lang='lat' dir='ltr'><strong>quidem</strong></span> <span class='ocrx_word' id='word_1_231' title='bbox 1102 3201 1250 3258; x_wconf 90' lang='lat' dir='ltr'><strong>Gramma·</strong></span> 
     </span>
    </p>
   </div>
   <div class='ocr_carea' id='block_1_5' title="bbox 255 3445 1250 3700">
    <p class='ocr_par' dir='ltr' id='par_1_5' title="bbox 255 3445 1250 3700">
     <span class='ocr_line' id='line_1_33' title="bbox 269 3445 1250 3531; baseline -0.005 -14"><span class='ocrx_word' id='word_1_232' title='bbox 269 3479 274 3488; x_wconf 89' lang='grc'><em>·</em></span> <span class='ocrx_word' id='word_1_233' title='bbox 321 3445 398 3525; x_wconf 74' lang='lat' dir='ltr'><strong>rea</strong></span> <span class='ocrx_word' id='word_1_234' title='bbox 419 3463 477 3518; x_wconf 79' lang='lat' dir='ltr'><strong>ca.</strong></span> <span class='ocrx_word' id='word_1_235' title='bbox 499 3469 585 3531; x_wconf 64' lang='lat' dir='ltr'><strong>roes,</strong></span> <span class='ocrx_word' id='word_1_236' title='bbox 603 3466 638 3518; x_wconf 70' lang='lat' dir='ltr'><strong>aa</strong></span> <span class='ocrx_word' id='word_1_237' title='bbox 655 3463 727 3516; x_wconf 87' lang='lat' dir='ltr'><strong>suu.</strong></span> <span class='ocrx_word' id='word_1_238' title='bbox 745 3477 767 3514; x_wconf 78' lang='lat' dir='ltr'><strong>s.</strong></span> <span class='ocrx_word' id='word_1_239' title='bbox 785 3477 812 3513; x_wconf 81' lang='lat' dir='ltr'><strong>v.</strong></span> <span class='ocrx_word' id='word_1_240' title='bbox 830 3463 946 3527; x_wconf 70' lang='lat' dir='ltr'><strong>manage</strong></span> <span class='ocrx_word' id='word_1_241' title='bbox 964 3461 998 3513; x_wconf 73' lang='lat' dir='ltr'><strong>aa</strong></span> <span class='ocrx_word' id='word_1_242' title='bbox 1012 3462 1089 3526; x_wconf 74' lang='lat' dir='ltr'><strong>areg.</strong></span> <span class='ocrx_word' id='word_1_243' title='bbox 1107 3463 1139 3512; x_wconf 80' lang='lat' dir='ltr'><strong>u.</strong></span> <span class='ocrx_word' id='word_1_244' title='bbox 1156 3461 1191 3528; x_wconf 87' lang='lat' dir='ltr'><strong>u,</strong></span> <span class='ocrx_word' id='word_1_245' title='bbox 1208 3463 1250 3512; x_wconf 82' lang='lat' dir='ltr'><strong>m.</strong></span> 
     </span>
     <span class='ocr_line' id='line_1_34' title="bbox 257 3540 1250 3618; baseline -0.005 -17"><span class='ocrx_word' id='word_1_246' title='bbox 257 3551 348 3602; x_wconf 81' lang='lat' dir='ltr'><strong>scaci.</strong></span> <span class='ocrx_word' id='word_1_247' title='bbox 371 3540 592 3618; x_wconf 69' lang='lat' dir='ltr'><strong>alascemi,</strong></span> <span class='ocrx_word' id='word_1_248' title='bbox 618 3551 660 3600; x_wconf 80' lang='lat' dir='ltr'><strong>ar.</strong></span> <span class='ocrx_word' id='word_1_249' title='bbox 688 3548 754 3610; x_wconf 88' lang='lat' dir='ltr'><strong>vu,</strong></span> <span class='ocrx_word' id='word_1_250' title='bbox 772 3544 830 3595; x_wconf 79' lang='lat' dir='ltr'><strong>rra.</strong></span> <span class='ocrx_word' id='word_1_251' title='bbox 855 3545 909 3612; x_wconf 85' lang='lat' dir='ltr'><strong>vr,</strong></span> <span class='ocrx_word' id='word_1_252' title='bbox 926 3549 968 3596; x_wconf 79' lang='lat' dir='ltr'><strong>m.</strong></span> <span class='ocrx_word' id='word_1_253' title='bbox 1013 3547 1103 3596; x_wconf 78' lang='lat' dir='ltr'><strong>scaci.</strong></span> <span class='ocrx_word' id='word_1_254' title='bbox 1125 3547 1250 3608; x_wconf 75' lang='lat' dir='ltr'><strong>sparton.</strong></span> 
     </span>
     <span class='ocr_line' id='line_1_35' title="bbox 255 3627 1250 3700; baseline -0.006 -16"><span class='ocrx_word' id='word_1_255' title='bbox 255 3635 340 3684; x_wconf 73' lang='lat' dir='ltr'><strong>huod.</strong></span> <span class='ocrx_word' id='word_1_256' title='bbox 362 3630 404 3700; x_wconf 90' lang='lat' dir='ltr'><strong>ll,</strong></span> <span class='ocrx_word' id='word_1_257' title='bbox 426 3631 484 3682; x_wconf 70' lang='lat' dir='ltr'><strong>itt.</strong></span> <span class='ocrx_word' id='word_1_258' title='bbox 525 3633 614 3682; x_wconf 78' lang='lat' dir='ltr'><strong>schot.</strong></span> <span class='ocrx_word' id='word_1_259' title='bbox 638 3627 863 3681; x_wconf 80' lang='lat' dir='ltr'><strong>ven.11om.u.</strong></span> <span class='ocrx_word' id='word_1_260' title='bbox 887 3628 1007 3692; x_wconf 83' lang='lat' dir='ltr'><strong>saepius.</strong></span> <span class='ocrx_word' id='word_1_261' title='bbox 1051 3627 1142 3678; x_wconf 77' lang='lat' dir='ltr'><strong>schol.</strong></span> <span class='ocrx_word' id='word_1_262' title='bbox 1168 3629 1250 3686; x_wconf 81' lang='lat' dir='ltr'><strong>Arlsr,</strong></span> 
     </span>
    </p>
   </div>
   <div class='ocr_carea' id='block_1_6' title="bbox 170 3703 875 3779">
    <p class='ocr_par' dir='ltr' id='par_1_6' title="bbox 170 3703 875 3779">
     <span class='ocr_line' id='line_1_36' title="bbox 170 3703 875 3779; baseline -0.004 -14"><span class='ocrx_word' id='word_1_263' title='bbox 170 3749 173 3752; x_wconf 96' lang='lat'>-</span> <span class='ocrx_word' id='word_1_264' title='bbox 255 3717 326 3765; x_wconf 71' lang='lat' dir='ltr'><strong>Nutu</strong></span> <span class='ocrx_word' id='word_1_265' title='bbox 343 3717 402 3766; x_wconf 76' lang='lat' dir='ltr'><strong>aaa.</strong></span> <span class='ocrx_word' id='word_1_266' title='bbox 435 3719 485 3768; x_wconf 75' lang='lat' dir='ltr'><strong>Ar.</strong></span> <span class='ocrx_word' id='word_1_267' title='bbox 504 3715 578 3766; x_wconf 69' lang='lat' dir='ltr'><strong>lidi).</strong></span> <span class='ocrx_word' id='word_1_268' title='bbox 611 3712 731 3779; x_wconf 64' lang='lat' dir='ltr'><strong>Irpslsir.</strong></span> <span class='ocrx_word' id='word_1_269' title='bbox 748 3709 807 3763; x_wconf 72' lang='lat' dir='ltr'><strong>Md.</strong></span> <span class='ocrx_word' id='word_1_270' title='bbox 872 3703 875 3714; x_wconf 82' lang='lat'>&#39;</span> 
     </span>
    </p>
   </div>
   <div class='ocr_carea' id='block_1_7' title="bbox 256 3790 1251 3938">
    <p class='ocr_par' dir='ltr' id='par_1_7' title="bbox 256 3790 1251 3938">
     <span class='ocr_line' id='line_1_37' title="bbox 325 3790 1251 3864; baseline -0.002 -19"><span class='ocrx_word' id='word_1_271' title='bbox 325 3796 388 3858; x_wconf 79' lang='lat' dir='ltr'><strong>itt)</strong></span> <span class='ocrx_word' id='word_1_272' title='bbox 412 3799 470 3853; x_wconf 76' lang='lat' dir='ltr'><strong>Otr.</strong></span> <span class='ocrx_word' id='word_1_273' title='bbox 500 3799 581 3852; x_wconf 84' lang='lat' dir='ltr'><strong>etiam</strong></span> <span class='ocrx_word' id='word_1_274' title='bbox 604 3794 641 3864; x_wconf 87' lang='lat' dir='ltr'><strong>ej.</strong></span> <span class='ocrx_word' id='word_1_275' title='bbox 664 3795 854 3850; x_wconf 72' lang='lat' dir='ltr'><strong>carmarias.</strong></span> <span class='ocrx_word' id='word_1_276' title='bbox 882 3793 917 3844; x_wconf 81' lang='lat'><strong>1⁷</strong></span> <span class='ocrx_word' id='word_1_277' title='bbox 940 3795 974 3845; x_wconf 80' lang='lat' dir='ltr'><strong>de</strong></span> <span class='ocrx_word' id='word_1_278' title='bbox 996 3793 1134 3856; x_wconf 77' lang='lat' dir='ltr'><strong>Euripidis</strong></span> <span class='ocrx_word' id='word_1_279' title='bbox 1157 3790 1251 3845; x_wconf 75' lang='lat' dir='ltr'><strong>hiberia</strong></span> 
     </span>
     <span class='ocr_line' id='line_1_38' title="bbox 256 3878 435 3938; baseline 0.011 -9"><span class='ocrx_word' id='word_1_280' title='bbox 256 3878 435 3938; x_wconf 79' lang='lat' dir='ltr'><strong>Andromeda,</strong></span> 
     </span>
    </p>
   </div>
   <div class='ocr_carea' id='block_1_8' title="bbox 0 0 1392 4656">
    <p class='ocr_par' dir='ltr' id='par_1_8' title="bbox 0 0 1392 4656">
     <span class='ocr_line' id='line_1_39' title="bbox 0 0 1392 4656; baseline 0 1"><span class='ocrx_word' id='word_1_281' title='bbox 0 0 1392 4656; x_wconf 95' lang='lat' dir='ltr'><strong> </strong></span> 
     </span>
    </p>
   </div>
  </div>
 </body>
</html>
