2776 4656
647 383 854 452 -72-

261 543 365 630 γαῖαν.
390 547 617 630 Ἀριστοφάνης
642 543 676 609 δὲ
699 546 776 626 μετὰ
800 549 854 608 τοῦ
873 563 902 608 σ.
946 549 1041 618 schol.
1066 547 1172 608 Troad.
1197 551 1252 609 442

254 629 362 720 'supet
377 637 504 722 βιαίως]
525 639 618 700 Ἀντί
636 641 687 700 τοῦ
700 640 842 716 ἠαμησει
862 643 1060 717 σεσημείωται
1077 642 1128 698 καί
1150 643 1254 717 μηκέτι

262 731 353 806 αὐτῆς
376 731 550 808 οἰκουμένης.
574 729 745 790 ὑπώπτευσε
762 724 1060 810 γὰρ”Αριστοφάνης
1084 725 1116 788 ἐκ
1138 733 1253 791 τούτου.

218 821 220 830 ’
261 824 312 884 νῦν
331 819 364 882 δὲ
390 817 426 895 δὴ
445 819 573 880 Λίνείαο
585 825 643 896 ’μίη
671 820 824 900 Τρώεσσιν
847 819 959 892 ἀνάξει.
977 843 1015 866 -2
1033 823 1115 888 Quae
1136 823 1254 896 quidem

261 916 327 972 loca
350 911 506 969 admodum
534 913 694 988 sufficiunt,
723 929 762 969 ex
788 911 893 986 quibus
921 913 1064 971 rationem
1092 913 1254 970 studiorum

262 1005 427 1063 criticorum
452 1002 596 1078 possimus
620 1001 790 1074 intelligere.
829 1003 896 1060 Alia
919 1003 998 1080 loca,
1025 1004 1168 1078 quomodo
1188 1020 1253 1060 seu·

262 1094 370 1152 tentius
395 1109 540 1172 vocesque
565 1093 703 1164 'li-egicas
725 1082 934 1167 interpretatus
960 1095 1014 1170 sit,
1040 1094 1253 1153 demonstrauit

148 1207 154 1219 ¹
260 1185 398 1242 nimirum
416 1183 510 1243 Schol
530 1183 678 1257 Hippolyt.
699 1183 763 1239 170.
783 1177 869 1256 τήνδε
886 1180 1047 1265 κομίζουδ]
1066 1185 1153 1243 τοῦτο
1165 1198 1255 1258 σεση-

260 1265 389 1351 μείωται
412 1273 652 1355 Ἀριστοφάνης,
682 1269 729 1332 ὅτι
757 1269 833 1331 κατά
860 1270 896 1334 τὸ
915 1272 1034 1354 ἀκριβὲς
1065 1272 1100 1333 τὰ
1125 1273 1255 1351 ἔγκλημα

255 1367 391 1428 ,τοιοῦτον
415 1359 479 1423 ἐστι
503 1365 540 1440 τῇ
564 1363 719 1439 ὑποδέσει.
745 1362 793 1421 ἐπὶ
816 1359 875 1441 γάρ
900 1364 951 1436 τῆς
976 1365 1079 1438 σκηνῆς
1110 1359 1255 1424 δείκνυται

260 1449 300 1512 τὰ
319 1449 402 1512 ἔνδον
419 1453 624 1533 πραττόμενα,
651 1451 667 1511 ὁ
688 1447 722 1510 δὲ
746 1450 804 1522 ἔξω
823 1454 983 1532 προϊοῦσαν
1001 1451 1091 1527 αὐτὴν
1108 1453 1255 1514 ὑποτίθε-

260 1563 326 1604 ταιε
345 1545 468 1602 fortasse
488 1543 576 1600 etiam
595 1544 688 1601 Schol.
714 1544 802 1618 Hipp.
821 1544 893 1600 6072
913 1541 1139 1626 ’Λριστοφάνης
1157 1545 1255 1604 καθο-

260 1633 420 1713 λικώτερον
437 1637 546 1706 νοήσας
566 1635 654 1711 φησί,
684 1629 737 1692 τὸν
754 1629 923 1714 Εὐριπίδην
941 1631 1069 1714 ὑβρίζειν
1087 1635 1139 1708 τῆς
1157 1635 1254 1712 yllir-

261 1744 312 1798 της
331 1722 384 1798 τὴν
402 1718 545 1795 διάνοιαν,
566 1722 607 1794 ώς
626 1721 662 1781 ἄν
681 1720 722 1800 μη
742 1721 780 1782 τὰ
800 1719 930 1794 δόξαντα
949 1724 986 1802 τῇ
1003 1729 1099 1805 κρίσει
1116 1727 1169 1799 τῆς
1187 1721 1255 1784 δια-

260 1819 344 1886 νοίας
368 1813 589 1894 φθεγγομένηςε
621 1830 808 1889 quamquam.
824 1815 987 1872 Matthiaeo
1017 1817 1056 1873 ad
1085 1818 1158 1874 itan
1186 1818 1254 1876 102:
1343 1874 1345 1878 .

260 1901 441 1982 φλώττανδ
465 1901 684 1986 ἒπιορκησασαν
707 1900 770 1988 ἰδίᾳ
788 1904 840 1976 τῆς
859 1902 967 1982 φρενὸς
989 1908 1136 1981 respicere
1159 1910 1255 1966 visum

261 2000 316 2054 est
336 1997 430 2053 Multo
450 1997 557 2051 certius
577 1995 665 2050 schol.
680 1995 729 2051 Or.
751 1993 821 2051 4782
846 1995 908 2053 πάν
920 1993 999 2066 τούξ
1018 1995 1158 2078 ἀνάγκης]
1179 1997 1196 2056 o‘
1222 1993 1255 2056 δὲ

257 2082 485 2180 ’νάριστοφάνης
510 2085 599 2165 φησὶ,
624 2085 687 2142 πάν
705 2079 740 2142 τὸ
759 2079 793 2154 ἐξ
811 2082 937 2160 ἀνάγκης
960 2091 1115 2164 γινόμενον
1139 2079 1254 2160 δοολοῒ,

141 2219 143 2235 .
262 2181 327 2234 otor
344 2176 480 2234 ταπεινοῖ
495 2171 572 2233 κατὰ
590 2171 642 2248 τὴν
666 2175 726 2233 τών
745 2174 850 2252 σοφών
873 2181 985 2255 κρίσιντ
1013 2179 1052 2237 ad
1076 2181 1254 2252 grammatici

262 2267 483 2329 commentarios
502 2267 638 2341 pertinet.
657 2297 696 2308 -
713 2266 869 2323 Praeterea
887 2269 1074 2348 Eustathius,
1101 2271 1256 2328 scholiasta

261 2353 484 2433 Aristophanis,
519 2357 587 2432 alii,
618 2371 705 2428 quam
730 2356 832 2441 sedulo
857 2359 1028 2433 Euripidem
1056 2351 1255 2437 illustraverit,

157 2495 164 2506 .
262 2447 420 2504 ostendunt
434 2440 505 2527 ¹³²).
524 2477 564 2490 -
582 2445 640 2512 Qui
657 2442 748 2502 vorot
768 2447 819 2519 qui
836 2449 869 2504 in
886 2451 1036 2524 Euripidis
1055 2451 1166 2508 fabulas
1185 2467 1257 2524 quo·

261 2536 308 2593 vis
327 2535 440 2593 ratione
460 2539 669 2594 commentatus
689 2539 750 2614 est,
775 2553 846 2594 num
870 2541 896 2596 is
914 2541 1042 2614 reliquos
1051 2543 1199 2612 ·'l*ragicos
1219 2541 1256 2599 ad

262 2643 386 2704 quorum
417 2628 544 2698 singulas
575 2642 705 2700 quasque
739 2629 852 2686 fabulas
887 2635 1058 2702 argumente
1088 2633 1255 2708 scripserat,

262 2717 393 2792 alioquin
417 2717 565 2789 negligere
590 2712 707 2791 potunt
745 2719 891 2784 Quorsum
915 2723 1033 2780 tandem
1057 2723 1256 2780 commentarii

180 2805 182 2812 '
261 2809 312 2866 isti
331 2808 463 2884 plurimi,
490 2824 561 2881 quas
581 2808 684 2878 suidas
703 2813 860 2887 memoret,
880 2813 1062 2889 pertineant,
1082 2829 1171 2886 quum
1189 2807 1272 2870 Ari-'

262 2899 435 2972 stophancm
459 2899 592 2972 inprimis
620 2900 723 2971 poetas
755 2901 932 2958 Graecorum
960 2904 1164 2961 celeberrimos
1191 2905 1254 2960 illu·

202 3025 231 3041 ·⁴
260 2993 380 3072 strasse-
403 2985 539 3046 constetl
589 2991 682 3066 Num,
720 2992 755 3074 ut
793 2992 882 3050 etiam
916 2994 972 3053 hoc
1000 3010 1150 3071 moneam,
1179 3011 1252 3068 opus

257 3079 409 3140 ’Ἀττικών
433 3076 542 3149 λέξεων
567 3080 700 3151 glossarii
724 3082 817 3139 instar
840 3085 968 3156 reliquos
987 3085 1125 3156 'l‘ragicos
1145 3085 1255 3159 Sopho·
1285 3127 1288 3131 -

261 3172 335 3230 clem
354 3171 420 3228 dico
439 3173 526 3243 atque
546 3170 721 3241 Aeschylum
739 3173 992 3247 comprehenderit
1009 3176 1131 3252 viceque
1143 3176 1253 3252 plenio-

261 3263 302 3320 ris
322 3259 522 3320 commentorii
541 3261 672 3319 functum
691 3256 750 3320 sict
768 3293 807 3330 -·.

327 3479 391 3540 172)
408 3474 566 3530 Eustuthius
591 3492 618 3542 p.
635 3475 694 3531 lto.
712 3477 746 3530 50
763 3482 792 3532 et
808 3495 835 3546 p.
852 3479 932 3544 17⁶1,
947 3482 1002 3534 189.
1027 3485 1115 3542 schol,
1140 3487 1187 3543 Ar,
1203 3489 1254 3543 Ar,

150 3563 157 3570 '
198 3583 203 3587 ·
261 3561 321 3614 847.
355 3564 443 3623 Quam
460 3564 593 3612 aceruate
608 3561 694 3613 Arist.
713 3565 873 3626 sophoclem
889 3563 1087 3629 interpretatus
1103 3566 1153 3628 sit,
1172 3569 1254 3619 docet

261 3645 343 3698 etiam
360 3649 498 3707 Ancum.
513 3641 571 3694 Vlt.
587 3645 720 3705 Sophocl,
736 3645 782 3696 ubi
799 3646 833 3697 de
849 3659 963 3702 nurnero
979 3651 1135 3700 lacunarum
1145 3643 1260 3712 sopho·'

262 3727 385 3779 olearum
400 3725 530 3792 loquitur.
564 3725 690 3778 Pertinet
705 3725 821 3792 (leuique
844 3731 879 3780 ud
900 3729 990 3782 studia
1006 3733 1119 3784 scenice
1139 3717 1253 3794 scriptio

130 3879 132 3886 Ι
260 3803 370 3945 guoque
385 3816 434 3865 Ar.
450 3808 518 3885 περί
535 3808 724 3886 προσώπων,
750 3819 784 3870 de
809 3829 863 3883 qua
885 3820 936 3872 cfr.
959 3819 1078 3873 Meloelr.
1096 3821 1129 3882 0.
1146 3824 1191 3873 lc.
1207 3819 1256 3870 111.

171 3934 178 3941 .
260 3907 286 3961 p.
321 3927 329 3944 .
345 3919 380 3932 -·
