2776 4656
499 343 707 411 ..974

100 510 184 583 rant,
204 507 364 582 excerpsit:
389 507 431 566 ita
450 509 577 569 Maeonii
601 511 671 570 Rull·
691 525 765 585 opus
790 527 879 586 supra
901 513 1050 574 laudatum
1068 512 1099 576 iu
1143 485 1145 489 Ι

99 601 244 670 quartum
262 600 451 673 quintumque
471 603 635 673 eclogarum
657 603 764 660 librum
793 602 981 673 commigrare
1001 606 1099 676 jussit

100 689 207 762 Atque
230 691 349 748 omnino
372 692 540 748 uuiversum
568 693 674 750 aetatis
702 707 772 750 suaa
796 694 945 764 ingenium
969 697 1099 774 exhibet,
1176 741 1181 752 .

94 779 191 850 capus
211 783 320 838 erat-
328 782 432 855 loquor
450 783 486 839 de
506 783 877 853 grammaticis—aliomm
897 784 974 842 dicta
992 787 1100 876 compi·

91 869 185 949 vlare,
204 885 265 928 non
283 875 401 946 propria
419 887 557 946 pangere
564 874 662 931 verba.
682 907 722 920 -

77 979 79 986 ·
107 1005 112 1017 .
181 962 223 1018 At
235 961 377 1040 ecdem,
368 965 493 1041 inquies,
509 963 575 1035 jure
588 981 646 1039 quo
658 965 833 1040 Helladium,
844 967 1008 1043 sopatrum,
1027 968 1099 1028 alius

93 1052 332 1130 nominaverim,
352 1057 559 1127 permultorum
577 1057 754 1111 mentionem
772 1058 806 1110 ut
823 1055 927 1111 luciam
945 1059 1098 1128 oportebit.

99 1138 207 1208 Quidl
244 1143 349 1200 Nonne
376 1144 501 1200 Pollucis
521 1143 753 1220 Onomasticum,
781 1145 942 1220 Athenaei,
972 1147 1100 1224 Stobaei,

36 1239 38 1244 ’
99 1247 247 1305 similium
266 1251 390 1325 s'cripta,
415 1263 476 1307 uon
499 1249 626 1308 illustres
643 1251 883 1348 lexicographos,
918 1235 1100 1334 Pamphi-'-

99 1350 206 1421 ἔτλην
213 1365 282 1444 ⁰⁸),
302 1362 418 1420 Aelium
437 1353 624 1442 Dionysium,
653 1365 855 1442 Apollonium,
875 1344 1099 1451 Diogenianum,

93 1446 208 1518 'alios
200 1477 382 1537 mnunreros,
407 1476 502 1515 nonne
521 1458 673 1536 metricos,
698 1461 839 1528 musicos,
865 1461 936 1518 artis
955 1462 1099 1540 poeticae,

99 1553 247 1609 historiae
266 1551 425 1608 litterariae
446 1555 579 1608 auctores
598 1567 717 1624 prorsus
743 1549 879 1606 eodem
866 1567 933 1619 Jure
960 1551 1100 1609 debemus

101 1637 298 1699 enumerarel
336 1643 442 1699 Fateor
473 1641 692 1723 quodammode.
731 1641 896 1712 Namque'
888 1641 1021 1714 inprimis
1046 1659 1100 1716 per

101 1735 181 1790 hanc
200 1731 448 1806 interpretationis
469 1732 597 1786 Graecae
617 1733 744 1786 aetatem
762 1731 922 1786 lexicorum
941 1735 971 1786 et
990 1733 1099 1802 glossa-

101 1825 215 1882 riorum
246 1839 384 1898 numerus
410 1822 514 1880 mirum
539 1824 678 1894 quantum
703 1819 842 1877 adauctus
868 1823 922 1878 est.
960 1823 1099 1880 Attamen

102 1917 166 1972 fere
187 1931 304 1991 onmes,
330 1930 367 1969 ne
393 1912 487 1970 dicam
511 1911 549 1968 ad
569 1929 657 1970 unum
676 1927 777 1968 ornnes
797 1912 834 1970 ob
860 1911 970 1968 alienas
994 1929 1099 1990 ¹causas

98 2006 290 2086 ,interpretati
309 2005 446 2076 Tragicos
466 2007 542 2060 sunt.
582 2005 667 2061 Certe
688 2003 800 2074 justum
824 2003 1014 2077 interpretem
1032 2009 1100 2080 post

103 2098 264 2170 Didymum
283 2096 421 2164 Magnum
439 2093 552 2149 laudari
570 2093 669 2148 nescio
694 2097 810 2164 praeter
830 2087 991 2150 Soteridam
1016 2097 1099 2167 cujus

104 2193 204 2244 tamen
221 2185 382 2260 ὑπόμνημα
401 2199 459 2258 qua
483 2182 600 2240 tandem
624 2180 721 2238 indole
746 2177 833 2238 luerit
858 2181 1015 2264 etiamnum
1039 2202 1100 2242 am-

103 2277 183 2350 bigo.
222 2279 297 2348 Puto
322 2273 399 2332 enim
424 2275 502 2331 idem
526 2273 671 2346 Didyrueo
702 2271 744 2328 illi
775 2271 813 2328 ad
839 2257 980 2328 summum
1005 2274 1099 2334 simile
1212 2333 1214 2340 ,
1243 2261 1249 2271 “

103 2369 145 2426 lui
149 2379 204 2427 ss'e.
462 2415 465 2422 ι

180 2461 247 2518 Jam
265 2474 335 2514 vero
359 2459 534 2538 anteaquam
557 2456 773 2513 recentissimos
799 2456 887 2511 trium
911 2434 1099 2536 Tragicorupi
1138 2492 1141 2498 ,
1196 2527 1200 2538 ,

104 2533 279 2624 interpretes
306 2553 335 2606 et
359 2547 593 2622 Lexicographos
622 2546 795 2618 superstites
819 2562 972 2621 enumero,
1001 2551 1034 2602 ut
1062 2549 1098 2606 de

104 2643 177 2720 ipsis
204 2639 383 2714 scholiastis,
413 2637 463 2710 qui
482 2637 598 2712 proprie
626 2637 668 2693 sic
681 2635 836 2713 dicuntur,
867 2635 1098 2720 scholiorumque

104 2731 323 2813 collectionibus
348 2729 480 2802 pluribus
500 2727 656 2804 disseram,
685 2730 848 2800 temporum
866 2715 995 2806 postulat
1012 2727 1098 2785 ratio.

105 2802 201 2890 Quam
220 2820 337 2894 quidem
357 2818 583 2891 disputationem
608 2819 650 2874 ita
668 2818 834 2893 instituam,
860 2821 893 2872 ut
918 2819 1043 2890 primum
1063 2818 1099 2874 de
1133 2890 1137 2896 Ι

104 2915 178 2990 ipsis
199 2911 343 2969 scholiis
336 2926 367 2966 m
386 2913 446 2968 tres
465 2903 603 2982 'lbagIcos
629 2907 834 2982 superstitibus
860 2924 1017 2982 eorumque
1036 2912 1100 2966 ton·
1119 2939 1138 2964 ¹·

100 3007 195 3084 tibae,
215 3002 392 3078 auctoribus,
413 3002 501 3058 variis
522 2999 697 3057 editionibus
718 3015 878 3076 exponam3
904 2998 1009 3062 deinde
1029 3015 1099 3056 vero

100 3113 164 3170 ‚quo
193 3097 315 3162 sortasse
345 3093 483 3150 certiores
513 3092 549 3146 de
577 3091 744 3150 auctoribus
773 3090 966 3166 singulorum,
995 3090 1099 3166 saltem
1206 3111 1210 3119 ·

105 3186 309 3243 nonnullorum
329 3183 504 3254 scholiorum
523 3183 634 3258 fiamus,
651 3175 699 3256 ea,
720 3197 793 3254 quae
812 3180 1010 3268 lexicographi
1029 3195 1098 3252 sup·

105 3278 239 3352 peditaut
259 3274 440 3346 comparabo.
460 3305 499 3318 -

181 3368 246 3434 Quo
264 3364 444 3436 frequentius
464 3362 636 3420 scholiastae
649 3362 780 3416 veterum
798 3359 999 3436 interpretum,
1019 3365 1099 3417 vete·

105 3477 170 3520 rum
190 3449 307 3516 οιιιιιὶιιο
327 3455 502 3528 scriptorum
519 3449 697 3529 mentionem
713 3450 834 3525 iaciunt,
855 3466 891 3506 eo
911 3441 1030 3518 meliora
1048 3467 1099 3545 no,-

174 3703 237 3762 206)
263 3701 417 3764 Pamphilus
440 3686 533 3761 λέξεις
551 3687 706 3765 Αἰσχύλου
729 3696 848 3758 scripsit.
873 3695 924 3744 eir.
948 3692 1043 3743 11ιιιι1ιο
1066 3693 1099 3744 (le

105 3785 170 3837 lex.
187 3787 309 3848 llesyolr.
335 3799 360 3848 p.
387 3785 420 3832 tt
447 3795 506 3848 ιιι.
531 3779 700 3834 Welclrer'
691 3793 722 3831 nr
746 3782 815 3829 lter.
838 3780 909 3828 Mus
932 3776 1017 3825 liban.
1034 3776 1099 3840 llp

107 3868 237 3930 etseq
293 3938 309 3952 1.
417 3899 421 3908 ·
930 3924 946 3979 Ἰ
