2792 4670
542 357 750 423 ψη..

151 525 241 596 atque
263 519 386 591 integris
405 519 541 578 uersibus
562 521 751 595 interpolatas
763 517 903 600 :assedet
921 520 1081 599 oenreetas)
1100 523 1142 580 ls-

153 611 236 668 bnlas
259 611 399 676 nonnulli¹
415 612 555 685 suspicati
579 615 648 670 sunt
671 614 731 671 VV.
750 613 815 668 ΠΙ).
838 629 849 660 2.
864 611 976 677 Quibus
1004 611 1142 670 adnume-

152 706 254 764 renim
278 717 398 777 versus,
427 702 479 776 qui
502 703 642 759 iomnidae
665 701 1041 758 instarssvicis'se'iabulem
1067 702 1142 760 indi·

148 793 248 850 cantis
271 793 309 848 ad
333 793 419 850 finem
443 794 644 857 nonnullarum
662 793 1040 866 'liegicorumpraerertim
1057 793 1141 867 Euri,-

152 883 230 957 pidis
249 883 535 958 fabularumannexi
555 887 630 940 sunt.
675 883 722 940 Sic
747 884 874 958 quinque
900 901 916 939 e
936 883 1141 958 superstitibus

152 973 299 1046 Euripidis
311 975 480 1050 tragoediis,
497 974 616 1051 Medea,
632 975 767 1050 Alcestis,
788 975 910 1050 Helena,
929 974 1142 1050 Andromache,

152 1065 298 1141 Bacchae,
317 1065 426 1122 iisdem·
440 1064 588 1141 versibus,
614 1065 796 1139 paucissimis
815 1065 846 1119 in
864 1065 986 1121 Medeae
1005 1066 1142 1124 finemu-

122 1229 127 1234 -
151 1157 220 1212 tatis
239 1156 353 1230 verbis,
381 1157 529 1212 finiuntur·
575 1155 690 1214 Deinde
713 1155 890 1212 Phoenissae
917 1159 948 1211 et
967 1157 1097 1212 Orestes.
1112 1159 1143 1213 et

150 1241 304 1320 Iphigenia
321 1247 445 1303 Taurica
464 1245 713 1302 eademlclansnla
737 1248 857 1301 utuntur
870 1241 925 1325 ⁸⁴).
969 1247 1069 1304 Priore
1088 1247 1143 1304 ille

151 1337 280 1394 clausula
299 1337 476 1408 spectatores
496 1336 579 1408 quasi
598 1335 745 1408 impellere
766 1335 863 1391 studet
881 1338 968 1408 poeta
980 1337 1143 1409 utapplau·

153 1426 224 1482 dant
242 1425 416 1496 tragoediae.
455 1425 598 1498 Loquitur
617 1426 695 1482 enim
715 1427 750 1482 de
769 1426 857 1482 rebus
875 1427 1031 1500 insperatis
1049 1430 1081 1484 ct
1098 1427 1143 1486 in·

141 1517 294 1596 opinatis,
313 1517 356 1572 ita
375 1519 407 1570 ut
425 1515 489 1589 ipse
503 1515 619 1572 Chorus·
633 1533 686 1589 per
699 1517 881 1589 chorumque
899 1518 964 1590 ipsc
983 1520 1071 1592 poeta
1089 1535 1143 1577 sua

150 1607 242 1664 verba
259 1607 418 1663 admiretur
437 1622 530 1680 eoque
551 1623 652 1663 euram
664 1609 768 1680 captet¹
774 1607 951 1682 popularem.
983 1607 1028 1664 Ae
1040 1619 1142 1667 versus

150 1699 216 1756 illos
236 1699 381 1770 genuinos
396 1693 460 1753 esse
479 1697 668 1754 nondubito.
713 1695 973 1770 Reliquae-eontra
996 1697 1143 1759 clausulae

150 1789 392 1862 Phoenissam,
423 1787 551 1861 Orestis,
579 1786 748 1862 Iphigeniae
773 1799 906 1860 quonam·
922 1793 1052 1862 tempore
1071 1790 1142 1848 seri·

150 1884 219 1954 ptae
240 1879 298 1934 sint
316 1879 446 1950 prolecto
464 1877 603 1948 ambigas.
642 1877 740 1933 Potuit
757 1895 808 1934 eas
821 1879 978 1952 Euripides
990 1879 1142 1953 scripsisse

97 1979 99 1986 ’
135 2025 138 2030 ,
152 1970 213 2026 sive
227 1969 363 2025 victoriae
377 1971 541 2042 reportatae
555 1968 617 2024 sive
630 1969 733 2024 saltem
745 1968 820 2025 bene
834 1971 967 2043 speratae
981 1966 1140 2051 gratia¹⁸).

147 2091 188 2104 =-
205 2060 379 2116 Phoenissas
399 2059 503 2116 risisse
524 2058 585 2128 jam
605 2075 643 2114 ex
660 2060 757 2117 verbis
783 2061 944 2130 argumenti
963 2064 1059 2133 patet:
1079 2059 1143 2120 ἔστι

150 2145 184 2208 δὲ
202 2146 237 2208 τὸ
255 2145 355 2228 παρὸν
374 2143 476 2224 δρᾶμα
493 2147 553 2204 τῶν
572 2144 647 2221 ἄγαν
665 2143 837 2227 ἔξαιρεῒῶνε
862 2155 949 2224 atque
974 2153 1010 2208 de
1037 2153 1141 2210 Oreste

150 2241 314 2311 argumenti
333 2239 471 2312 scriptor:
495 2232 530 2294 τὸ
556 2230 589 2294 δὲ
613 2231 716 2317 δρᾶμα
740 2240 798 2298 τῶν
823 2235 873 2297 ini
897 2241 1002 2314 σκηνῆς
1026 2236 1141 2300 sidone·-
1178 2238 1181 2243 ’

149 2329 285 2405 podismi
297 2323 351 2409 ⁰⁴).
389 2327 430 2386 At
449 2328 485 2384 de
503 2327 656 2400 Iphigenia
673 2329 746 2386 nihil
765 2328 836 2387 certi
855 2334 984 2415 constat,
1006 2327 1084 2405 quod
1103 2333 1141 2390 ad
1201 2381 1205 2395 ,

149 2485 231 2536 ergo,
254 2483 324 2534 qcme
347 2483 397 2532 pro
420 2470 504 2522 furtis
518 2459 659 2532 litterariis
676 2471 866 2540 venditantur,
882 2487 916 2525 ea
931 2475 1059 2536 proiecto
1076 2475 1141 2526 nihil

148 2559 227 2614 sunt,
245 2553 296 2605 nisi
312 2555 381 2604 idem
397 2552 521 2607 meritum
538 2553 609 2606 alins
626 2558 735 2615 poetae.
769 2555 839 2606 Nihil
856 2557 984 2608 acerbius
1000 2557 1139 2618 perstrin-

148 2637 237 2690 xisset
253 2637 465 2698 Aristophanes,
491 2649 570 2698 quom
587 2631 718 2699 ejusmodi
740 2638 828 2696 iuria,
853 2637 933 2688 immo
954 2639 1140 2710 ne¹flophoell

149 2715 262 2784 quirem
272 2729 390 2782 unquam
407 2720 590 2782 pepercisset,
606 2720 640 2769 de
657 2715 740 2784 enjus
754 2713 882 2772 videlieet
897 2721 979 2773 iuriis
986 2720 1140 2775 Philostra-

149 2808 196 2852 tus
209 2800 409 2852 Alexandrinus
420 2800 558 2863 integrum
573 2801 677 2854 librum
689 2803 836 2863 scripsisse
851 2805 941 2854 ierim
958 2816 977 2852 a
986 2804 1139 2872 porphyrio

149 2885 222 2945 apul
238 2884 382 2937 usserium
401 2883 496 2944 Praep.
515 2885 620 2948 Evang.
637 2885 671 2934 X.
687 2885 713 2934 e.
748 2884 807 2936 cir.
824 2885 923 2936 veteri
939 2887 1141 2952 Prelegonens

148 2967 185 3017 ad
202 2966 243 3016 ed.
260 2965 352 3027 llurip.
370 2967 488 3015 Rhesum
506 2979 533 3028 p.
550 2966 582 3014 85
599 2979 657 3028 sqq.
675 2967 795 3018 Boeekh.
810 2968 865 3018 l.,l.
882 2983 909 3031 p.
926 2969 975 3020 iii
992 2983 1050 3034 sqq.
1099 3005 1103 3014 ³

215 3047 259 3110 ii)
277 3049 310 3100 G.
328 3044 469 3100 Dinderfio
485 3051 619 3116 suspecta
635 3049 773 3112 nb'ecqne
790 3051 870 3102 uncis
886 3052 1003 3102 incluso.
1021 3053 1138 3105 lioeekli.

148 3131 247 3193 pido.
436 3145 439 3150 ·
536 3167 539 3179 .
628 3180 631 3188 ,
936 3183 938 3188 ,
1036 3183 1038 3188 ,
1126 3153 1129 3160 ·

148 3237 153 3270 ;
216 3212 480 3273 otiosissimum
506 3213 683 3266 Valckenarii
709 3214 936 3281 sententiandi,
966 3219 1162 3285 subabsurda-

149 3299 250 3347 voenta
266 3307 284 3344 a
299 3295 436 3349 uoeeliio
452 3309 486 3360 p.
497 3296 556 3363 iii,
574 3295 620 3358 qui
637 3298 778 3347 clericales
799 3297 826 3347 in
849 3297 882 3348 iis
899 3299 997 3350 tabulis
1020 3300 1138 3364 reperiri

150 3377 299 3440 munandin,
313 3389 430 3439 quarum
448 3379 540 3431 fauste
557 3379 704 3433 conversio
721 3379 820 3446 fucrit,
838 3386 869 3429 ut
886 3380 1138 3448 orestae‘etlphiy

148 3461 247 3524 peche
263 3458 413 3514 Tauricae:
438 3457 477 3509 ita
499 3466 529 3510 ut
550 3461 705 3524 Phoenissis
721 3461 799 3512 iidem
817 3475 917 3514 versus
939 3463 1031 3526 inepte
1055 3463 1142 3526 additi

84 3587 87 3598 .
148 3543 203 3594 sint
219 3545 252 3594 ali
270 3543 359 3595 alieno
375 3539 482 3592 homine
498 3545 591 3598 nescio
609 3556 673 3607 quo.
701 3546 827 3594 Attamen
845 3546 958 3609 egregie
975 3547 1137 3614 sententium

146 3623 327 3678 Valckenarii
348 3623 462 3688 prohat,
485 3625 557 3684 quod
577 3625 606 3676 iu
629 3626 687 3676 nne
709 3627 874 3678 scholiorum
895 3627 923 3677 iu
940 3627 1136 3681 Phoenissase

148 3705 233 3758 Godd.
253 3704 423 3758 Florentinis
448 3704 566 3756 additum
587 3708 697 3770 reperio
724 3708 849 3766 nimirum
874 3711 908 3760 ‹le
933 3710 1058 3762 clausula
1080 3710 1136 3776 islo

148 3793 244 3847 chori:
262 3785 279 3844 ὁ
295 3783 387 3866 χορὸς
405 3780 436 3844 ἔκ
454 3785 621 3866 προσώπου
640 3789 693 3844 roei
711 3791 844 3862 ποιητοῦ.

214 3877 260 3938 it)
278 3881 403 3942 Quocum
419 3880 491 3930 male
507 3880 645 3931 consentit
656 3875 777 3942 ejusdem
788 3880 956 4003 arrgrinrerrti2
954 3885 1065 3982 apciora
1082 3883 1134 3944 sq«
