2776 4656
632 339 839 404 ,ρω-

234 505 407 580 prescribit
419 501 500 562 moed
516 503 607 560 Paris.
627 497 719 579 27133
738 502 774 558 de
794 514 853 576 quo
872 497 1014 558 Beckimr
1035 499 1126 574 „cod
1139 512 1229 558 mem·

234 597 351 653 branae.
378 611 453 654 saec.
479 593 553 670 xli,
583 595 740 652 exhibens:
768 592 934 666 Hecubam,
963 591 1077 666 Orest,
1108 587 1227 668 Phoen,

234 688 395 761 hippolyt,
415 685 505 761 Med,
525 685 645 763 Alcest,
664 683 905 742 Andromacham.
943 681 1024 738 Inter
1041 682 1134 740 lineas
1153 667 1254 752 glos-⁸

235 787 302 852 sae,
316 777 360 832 'ad
378 777 538 847 marginem
557 778 675 834 scholia
713 776 941 832 Praemittuntur
960 775 1099 845 excerpta
1118 787 1156 828 ex
1170 767 1228 828 lle·

105 849 110 868 ⁸
234 867 414 940 phaes'tionis
433 864 611 944 enchiridio,
636 869 698 924 vita
716 866 865 940 Euripidis
885 867 916 922 et
933 862 1160 934 'lhagoediarum
1184 879 1231 918 ar-

235 961 387 1033 gumenta,
412 956 535 1014 'l'netzae
561 961 598 1015 et¹
617 955 819 1016 Churtasmeni
837 957 881 1012 de
907 955 970 1024 ejus
988 953 1110 1011 Hecuba
1127 969 1231 1010 versus

220 1047 354 1121 politici.
393 1048 448 1103 Ad'
464 1049 550 1104 finem
574 1049 697 1104 Medeae
722 1049 858 1104 enotatnr
880 1061 945 1103 eam
970 1045 1146 1118 descriptam
1166 1061 1232 1102 esse

234 1156 252 1196 e
278 1139 364 1194 bonis
389 1139 604 1212 exemplaribus
635 1146 657 1196 'a
680 1138 823 1210 Dionysio
848 1140 878 1193 et
902 1135 1029 1206 Didymo
1058 1137 1229 1192 emendatis.

184 1273 186 1279 ,
235 1229 325 1286 ocal
346 1246 375 1303 p.
396 1230 459 1285 543.
507 1230 638 1288 'Contulit
666 1233 697 1285 et
720 1230 796 1287 hune
823 1226 1122 1302 cod.·r1usgravius,
1151 1225 1231 1300 apud

197 1353 199 1356 -
235 1331 321 1394 quem
340 1323 386 1377 est
405 1320 475 1378 God.
496 1320 552 1377 B.“
590 1322 668 1379 Num
678 1319 837 1376 verisimile
849 1323 904 1394 est,
923 1319 1043 1390 Didymi
1060 1317 1230 1393 editionem,

234 1411 321 1466 modo
340 1411 466 1467 ediderit
483 1413 612 1486 fabulas,
638 1411 677 1468 ad
695 1426 812 1466 manum
830 1410 950 1465 librario
970 1409 1075 1465 docimi
1100 1408 1180 1464 tertii
1198 1423 1229 1480 p.

235 1501 305 1559 Chn-
321 1516 351 1556 n.
379 1502 488 1558 saeculi
512 1496 623 1558 frissel
661 1501 709 1558 An
726 1500 861 1570 Dionysii
879 1499 1018 1574 Thracis,
1044 1497 1131 1556 modo
1149 1499 1230 1556 illius

235 1591 414 1664 grammatici
438 1590 602 1667 ὑπόμνημα
630 1577 662 1648 re
687 1606 762 1647 vera·
781 1589 967 1664 intelligitur,
992 1589 1120 1660 Didymo
1140 1590 1231 1646 etiam
1274 1636 1276 1638 .

154 1718 159 1726 ·
234 1683 406 1756 antiquioris
426 1683 585 1739 editionem
609 1699 750 1756 usurpare
775 1697 902 1754 unquam
923 1679 1060 1736 librandus
1079 1677 1231 1753 potuer-iti

233 1769 282 1832 lin
301 1775 399 1848 potius
419 1775 457 1830 ad
474 1773 594 1848 Didymi
608 1788 719 1830 nomen
736 1774 768 1829 in
788 1771 905 1829 scholiis
924 1773 1034 1845 passim
1058 1786 1231 1829 commemo-

233 1869 329 1923 ratum
346 1865 481 1924 librarius
500 1858 659 1939 respexiil·
688 1863 761 1922 litut
777 1865 850 1920 haec
868 1879 901 1919 se
921 1862 1045 1938 hahent,
1069 1863 1230 1921 ldctorinm

233 1958 389 2030 pracnpne
407 1958 485 2014 hune
504 1951 831 2014 codicem'oonsuluisse
849 1955 945 2010 nullus
966 1953 1082 2011 dubito:
1106 1956 1230 2010 sedasse

170 2069 177 2084 ·
234 2049 357 2103 aliorum
373 2051 408 2102 ut
426 2047 494 2102 sani
513 2046 646 2102 Lascaiis
668 2035 955 2119 ¹industrialr'etum,
982 2045 1089 2118 quippe
1115 2045 1164 2116 qui
1189 2041 1230 2101 rui

233 2133 275 2206 εἰς
302 2129 377 2194 ἑπτὰ
403 2131 572 2216 τραγῳδίας
587 2135 643 2193 τοῦ
661 2129 830 2215 Εὐριπίδου
849 2129 1006 2212 σποράδην
1020 2133 1229 2211 ἐὑρισκόμενα

234 2225 341 2305 σχόλια
366 2227 538 2300 collegisset.
582 2229 729 2302 Excerpte
753 2244 791 2284 en
814 2226 1041 2300 Hephaestionis
1066 2226 1227 2283 enchiridio

234 2319 323 2386 etiam
347 2317 488 2377 Arrenius
504 2318 640 2394 recepit,
672 2321 753 2390 cujus
782 2317 941 2374 editionem
968 2317 1148 2391 pedetentim
1176 2337 1228 2376 ex·

234 2411 378 2485 pressisse
390 2409 574 2479 Heruagium
592 2419 652 2465 non
670 2412 717 2464 est
735 2409 813 2482 qnod
832 2415 974 2465 moneam.
1012 2410 1057 2466 Ao
1069 2413 1147 2467 fonte
1168 2411 1228 2468 dis-

235 2501 369 2558 simulato
397 2487 794 2574 reliqua'quoque'rcholia
822 2500 943 2556 metrica
974 2502 1140 2574 complexus
1172 2505 1231 2558 est:

232 2593 317 2650 Nune
335 2591 378 2647 si'
394 2594 541 2648 constaret
565 2579 694 2648 codicem
718 2579 803 2648 illum
821 2591 898 2650 haee
921 2591 1018 2648 omnia
1038 2593 1226 2668 continuisse,

233 2682 274 2740 de
289 2682 506 2756 Hephaestione
517 2686 613 2756 atquo
626 2683 764 2752 'Eugenio
783 2686 817 2738 ut
832 2683 1000 2756 praecipuis
1025 2683 1153 2740 fontibus
1176 2699 1227 2739 oo·

232 2774 326 2846 gibero
345 2774 535 2830 facile'esset.
548 2802 587 2818 -
604 2774 740 2830 ceterum
757 2773 919 2847 loquuturis
938 2773 1023 2831 nohis
1043 2774 1079 2830 de
1097 2773 1228 2831 sontibus

233 2864 407 2924 seh'olioruhr
431 2865 463 2920 in
486 2863 658 2938 nmipidem
681 2864 801 2930 maximi
831 2881 881 2941 ea,
914 2881 988 2938 quae
1013 2859 1076 2945 (ed.
1102 2864 1227 2945 Matth.)

233 2957 271 3014 etl
284 2945 386 3013 Orosi.
405 2972 434 3011 v.
456 2955 529 3012 1686
553 2957 704 3030 leguntur,
730 2955 911 3012 aestimanda
937 2958 1018 3012 sunt:
1046 2942 1134 3035 Πρός
1157 2949 1228 3012 διά-

233 3055 314 3127 φορα
339 3040 508 3126 ἀντίγραφα
532 3047 780 3124 παραγέγραπται
809 3040 841 3102 ἐκ
865 3046 918 3103 rori
940 3045 1089 3102 Διονύσου
1113 3040 1224 3126 (marg.

231 3158 279 3216 γρ.
291 3134 471 3217 Διονυσίου)
483 3133 689 3214 ὖπομνήματος
709 3134 876 3215 ὁλοσχερῶς
894 3137 944 3202 καὶ
956 3135 1016 3194 τῶν
1027 3135 1140 3211 pantesia
1151 3136 1224 3218 ²¹⁶).

232 3259 270 3272 -
289 3227 375 3298 ond
401 3227 519 3303 quidem
545 3227 774 3290 additamentum
799 3227 896 3300 plures
922 3227 1062 3287 exhibent
1091 3227 1225 3304 Codices,
1284 3281 1287 3288 ,

231 3322 309 3378 inter
327 3335 400 3392 quos
421 3317 490 3376 Cod
510 3318 658 3376 Guelferb.
685 3334 703 3374 a
729 3333 817 3385 manu
837 3316 972 3394 secund,
988 3321 1030 3374 ut
1047 3318 1225 3376 Matthiaeus

231 3412 330 3486 notet,
350 3411 401 3482 qui
419 3410 492 3469 haec
510 3410 548 3466 de
566 3409 670 3466 eodem
687 3409 751 3466 loco
770 3411 894 3482 profert:
915 3409 1043 3485 „Ultima
1061 3425 1137 3464 avv.
1150 3405 1225 3488 πρὸς
1260 3437 1264 3442 ·

231 3496 363 3579 διάφορα
390 3499 452 3557 κτλ.
476 3499 508 3557 in
533 3502 588 3557 Gu.
621 3512 640 3556 a
664 3499 921 3572 praecedentibus·
936 3500 1072 3570 sejuncta
1097 3502 1165 3556 sunt
1194 3502 1225 3556 et

232 3591 310 3664 qudd
337 3593 380 3648 in.
398 3590 500 3648 initiis
514 3602 655 3649 novorum
679 3590 855 3648 scholiorum
878 3590 942 3648 heri
967 3591 1057 3667 solet,
1083 3591 1168 3648 litora
1193 3611 1223 3650 π.

272 3878 274 3882 .
299 3846 358 3913 sie)
375 3849 522 3912 Perpetem
539 3847 655 3902 Boetius
673 3850 759 3904 verba
774 3846 865 3902 edidit.
947 3891 949 3899 .
