2776 4656
644 332 854 398 -ω,-

255 498 339 575 kias,
358 496 410 570 q'ui
428 493 594 553 Fabricium
612 495 713 552 contra
732 494 951 554 Groddcckisrn
969 493 1115 570 defendit,
1133 497 1253 562 utnon:

255 588 377 646 tantiam
395 601 478 644 suam
502 585 538 642 de
562 586 729 643 Aristotelis
749 585 914 642 didascaliis
932 585 970 642 ab
995 586 1074 642 omni
1097 589 1182 660 parto
1201 584 1254 642 de·

254 679 402 754 tenderet,
435 676 642 757 Callimachum
669 676 761 750 copiis
789 675 956 734 Aristotelis
988 691 1074 732 usum
1106 693 1188 751 esse,
1220 679 1253 732 at

253 771 351 844 ipsum
375 783 449 843 opus
474 767 682 824 didascalicum
704 783 765 824 nou
784 767 935 841 scripsisse
955 766 1106 824 contendit
1125 761 1160 845 (l.
1180 767 1200 822 l.
1220 783 1250 839 p.

257 855 374 940 CLXI).
412 857 470 929 Sed
491 859 698 934 Callimachus,
717 860 751 913 ut
769 858 927 915 scholiasta
944 858 1039 914 Plauti
1058 859 1164 931 refert,
1191 857 1252 912 sin·

254 953 329 1026 gulis
348 947 542 1008 voluminibus
561 948 661 1006 titulos
680 948 837 1022 inscripsit.
876 947 962 1014 Quod
978 948 1091 1005 nonita
1108 946 1252 1022 intelligo,

254 1040 524 1118 utgrammaticum
543 1039 721 1110 singulorum
739 1055 860 1114 operum
877 1036 1252 1116 nominasuprascripsisse

255 1131 448 1192 voluminibus
467 1130 660 1188 bibliothecae
679 1129 894 1186 Alexandrinae
913 1129 1047 1186 arbitrer.
1084 1128 1159 1184 Illud
1173 1127 1253 1184 enim
1326 1145 1328 1149 ·

255 1225 292 1284 ab
323 1221 396 1297 ipsis
424 1221 590 1279 auctoribus
619 1222 728 1279 factum
756 1237 821 1277 esse
845 1222 976 1294 nonest
1000 1217 1078 1291 quod
1102 1234 1252 1277 moneam:

254 1331 350 1388 neque
376 1312 518 1384 ejusmodi
542 1312 691 1382 negotium
715 1315 775 1367 tam
799 1310 904 1368 illustri
923 1311 985 1367 viro
1004 1309 1100 1383 potuit
1124 1324 1253 1382 unquam

255 1402 398 1466 mandari.
442 1404 483 1460 At
508 1401 544 1456 de
573 1401 695 1458 historia
722 1401 851 1474 humus,
870 1400 1037 1458 Callimachi
1068 1395 1254 1472 cogitandum

233 1511 322 1557 csse
351 1509 418 1550 cum
444 1489 603 1550 Ritschelio
620 1484 682 1571 ¹⁰⁰)
712 1505 833 1566 ceuse03
864 1504 939 1562 quae
967 1490 1009 1546 ad
1033 1506 1123 1548 unum
1151 1506 1253 1548 omnes

255 1585 453 1648 bibliothecae
471 1579 686 1638 Alexandrinae
704 1570 801 1636 libros*
813 1579 964 1653 complexa
982 1580 1037 1656 sit,
1056 1581 1099 1637 ita
1112 1583 1146 1637 ut
1158 1596 1252 1652 gram·

254 1677 379 1736 malicus
404 1671 582 1744 singulorum
605 1670 745 1728 librorum
768 1670 901 1746 nomina,
926 1672 1076 1745 auctores,
1101 1673 1252 1730 auctorum

256 1768 400 1842 aetatem,
419 1762 504 1820 nnius
524 1762 663 1834 cujusque
684 1760 809 1835 denique
828 1759 1010 1838 scriptionis,
1030 1764 1171 1835 quantum
1189 1763 1252 1820 fieri

255 1859 373 1934 posset,
398 1857 513 1928 tempus
538 1853 710 1926 brevissime
735 1850 929 1914 adumbraret.
967 1851 1060 1922 Igitur
1078 1852 1115 1908 ad
1134 1853 1251 1908 modum

255 1947 388 2006 πινάκων
399 1937 602 2002 παντοδαπῶν
613 1939 855 2016 συγγραμμάτων
868 1937 930 2020 ¹⁰¹)
943 1941 991 1998 vel
1002 1941 1100 2015 potius
1114 1946 1252 2016 tanquam

255 2036 427 2114 particulam
455 2031 574 2088 maximi
608 2030 684 2086 illius
717 2030 815 2104 operis
849 2032 1014 2089 coniecerit.
1063 2033 1250 2105 Tragicorum

255 2141 371 2202 quoque
390 2119 501 2198 fabulas
520 2121 563 2178 ita
581 2121 819 2197 consignaverit,
836 2124 870 2178 ut
891 2124 1006 2196 temphs
1025 2127 1106 2200 actae
1125 2123 1248 2202 fabulae,

197 2290 201 2298 Ι
255 2220 359 2295 poetas
384 2215 600 2287 concertantes,
629 2211 797 2288 victoriam,
826 2214 857 2270 et
885 2228 960 2286 quae
984 2213 1023 2270 ad
1047 2232 1109 2294 rem
1133 2213 1250 2272 omnino

205 2331 218 2352 ι
254 2308 420 2386 pertinent,
439 2321 475 2362 ea
494 2306 627 2363 enotaret
645 2304 751 2360 omnia.
770 2335 809 2347 -
827 2303 964 2378 Fortasse
981 2304 1144 2364 Alexandri
1152 2303 1250 2384 Aetoli
1342 2348 1345 2357 ,

256 2399 426 2459 collectione
451 2410 521 2450 usus
546 2396 606 2452 cst:
631 2393 720 2450 immo
744 2394 831 2450 aliam
859 2393 888 2450 ei
915 2396 1033 2468 praesto
1052 2393 1140 2450 luisse
1164 2411 1251 2465 nego.

254 2489 340 2550 Unde
368 2501 454 2562 vero,
484 2481 614 2561 quaeso,
639 2483 813 2542 didascalica
842 2479 993 2541 hauseritl
1039 2486 1141 2560 Neque
1173 2486 1253 2544 enim

255 2579 380 2644 Athenis
400 2593 467 2634 eum
480 2578 687 2634 commoratum
706 2592 772 2646 esse
790 2590 886 2649 neque
897 2573 1065 2638 Aristotelis
1077 2574 1252 2636 didascalias

255 2669 463 2732 Alexandriam
475 2667 644 2741 pervenisse
657 2666 726 2724 scio.
765 2663 960 2724 Nihilominus
975 2663 1149 2724 didascalica
1160 2683 1252 2741 opera

253 2764 287 2822 in
310 2758 575 2822 Alexandrinorum
599 2773 683 2812 usum
707 2755 877 2830 pervenisse
896 2755 1107 2829 quammaxime
1126 2761 1250 2832 oportet.

257 2855 395 2928 caremus
415 2850 548 2925 omnino,
568 2847 646 2923 quod
663 2847 693 2906 lc
712 2847 732 2902 l.
751 2847 824 2904 mihi
842 2845 940 2904 dolere
958 2847 1060 2922 liccat,
1081 2843 1155 2920 quae
1174 2864 1251 2906 oom-

255 2942 396 3016 meroium
420 2942 497 3016 inter
521 2935 658 3013 antIquos
684 2938 812 2994 Graecos
835 2936 998 2994 literarium
1025 2936 1127 2997 saltem
1156 2940 1253 3014 aliqua

254 3049 295 3091 ex
318 3035 402 3106 parte
427 3030 631 3106 descripserit,
660 3031 795 3088 accurata
819 3026 1070 3085 commentatione.
1107 3029 1251 3104 Equidem

254 3140 319 3184 rem
343 3123 483 3180 intactam
506 3121 671 3194 relinquere
697 3134 800 3193 cogor,
824 3117 954 3192 nihilque
978 3132 1098 3191 possmn
1127 3122 1250 3196 amplius

256 3207 482 3287 affinnare'nisi
507 3213 541 3266 ut
549 3207 778 3286 Aristotelicum
805 3224 879 3281 opus
908 3223 927 3268 a
952 3195 1127 3268 Callimacho
1150 3213 1250 3270 nescio

323 3434 387 3494 16⁰)
404 3434 578 3498 Menndrln.
594 3431 719 3483 Biblioth.
737 3445 764 3494 p.
781 3431 828 3480 θοι
846 3430 953 3496 „lllneu
963 3431 1060 3484 iuneru
1069 3389 1251 3486 zusammen.

258 3524 330 3585 hang
352 3516 496 3569 nwlsohen
519 3517 621 3566 diesem
642 3511 917 3574 bibliothelsarlschen
939 3515 1070 3566 deschtft
1093 3518 1141 3568 der
1163 3515 1252 3569 Gold-

255 3606 369 3657 'machus
386 3603 444 3654 und
459 3601 556 3655 selnen
572 3601 851 3653 literarhlstorischen
875 3593 1004 3666 Πίνακες
1025 3597 1110 3651 wird'
1121 3598 1252 3652 Nlemand

428 3683 449 3717 sc
737 3703 740 3708 .
919 3715 922 3726 ¹

222 3767 226 3774 “
257 3688 1020 3836 vorkigln)fflr¹i1sudAtheu.lii,titre.totc.·lllV‚titli.
1052 3761 1253 3820 sermnem

257 3853 292 3905 ad
309 3848 414 3904 cunm.
433 3867 458 3916 p,
475 3853 525 3904 itt
538 3863 601 3918 sqq.
