2776 4656
511 395 749 476 -115-.
856 485 863 497 .

117 565 249 641 alioquin
266 564 304 622 ils
323 562 426 620 melius
451 561 555 619 luisset
572 565 669 618 usus'
689 561 738 619 An
755 559 886 617 consulto
898 591 900 596 ,
911 567 947 616 ea
965 575 1036 633 prae
1048 559 1105 616 *So-

116 657 251 734 phocleis
270 648 450 726 neglexeritt
487 653 554 712 Non
571 655 652 727 puto.
689 653 821 725 Namque
846 652 879 708 ut
902 643 980 710 nunc
1004 667 1036 706 se
1054 650 1106 708 ha·

113 751 198 826 bent,
217 746 428 830 praestantiora
446 747 526 821 sunt,
546 744 720 818 praeserthn
738 743 816 816 quod
834 741 873 798 ad
891 741 1025 804 notitiam
1042 741 1107 800 uui·

115 857 222 898 versae
241 827 422 911 antiquitatis
435 835 675 910 antiquorumque
687 834 793 892 attinet
804 833 1002 908 interpretum.
1024 831 1107 902 Com·

114 949 192 1006 para
217 929 305 988 schol.
331 925 409 985 Mad.
439 925 493 982 414
522 943 588 983 cum
616 926 705 983 Suida
731 943 754 982 s.
778 921 860 984 Ἀνω
888 922 1046 998 ποταμῶν,
1065 924 1109 981 'ut

115 1038 207 1098 quam
225 1019 333 1077 diversi
352 1017 457 1080 Suidas
482 1018 576 1074 fontes
595 1033 614 1074 a
633 1016 797 1074 scholiastis
816 1013 965 1088 Euripidis
990 1013 1107 1089 suerint,

114 1099 222 1169 melius
243 1103 405 1182 dignoscas.
430 1138 469 1148 -
493 1107 545 1165 Ille
574 1107 653 1162 enim
681 1105 792 1179 scholia
819 1122 871 1163 suo
900 1104 1022 1162 arbitrio
1048 1120 1109 1160 non

113 1183 310 1279 permutavit,
336 1198 387 1271 qui
406 1194 516 1254 scholia
534 1197 566 1253 in
584 1197 755 1271 Sophoclem
773 1197 888 1270 partim
898 1196 1012 1268 integra
1030 1197 1109 1252 tran·

114 1281 252 1372 scripsit,
282 1289 388 1363 partim
412 1279 539 1364 misere,
561 1288 594 1357 ut
620 1304 708 1344 sensu
731 1290 863 1364 careant,
893 1287 1030 1362 decerpta
1058 1289 1110 1343 aut

115 1381 327 1444 consarcinata
347 1411 386 1423 -
404 1378 547 1452 Equidem
566 1378 685 1437 Suidam
703 1379 815 1456 omnia,
841 1381 915 1452 quae
940 1380 1015 1436 sorte
1041 1381 1108 1434 ante

116 1475 220 1535 oculos
238 1471 358 1547 habuit,
389 1487 488 1527 crassa
506 1470 640 1528 Minerva
659 1470 691 1526 in
709 1487 814 1542 corpus
835 1486 919 1525 suum
937 1470 1109 1540 omnigenae

118 1563 294 1624 eruditionis
313 1561 459 1635 recepisse
478 1560 611 1616 arbitror.
649 1559 816 1616 Remotiora
834 1574 965 1634 quaeque
983 1557 1116 1632 plerum-¹

121 1673 176 1730 que
202 1653 381 1727 neglexerit,
407 1652 501 1706 fontes
527 1650 597 1706 satis
622 1652 755 1706 recentes
781 1650 856 1706 sunt.
875 1685 914 1694 —
933 1649 964 1706 Si
988 1645 1109 1725 aliquid,

119 1747 252 1805 consulto
281 1743 472 1814 interpretum
500 1743 633 1798 veterum
660 1741 777 1797 nomina
807 1739 913 1798 omisit
930 1737 1009 1824 ¹(Cir.
1037 1759 1060 1798 s.
1080 1758 1108 1797 v.

115 1835 271 1904 Δίπαλτος
295 1829 342 1904 Aj.
369 1831 440 1908 408,
464 1829 623 1910 Νηφάλνος
651 1832 723 1889 Oed.
755 1833 813 1890 eol.
846 1829 922 1912 100).
961 1831 1018 1889 Sed
1037 1829 1108 1906 quid

116 1920 245 1987 mirumt
265 1939 353 2000 quum
370 1922 449 1979 idem
460 1940 483 1980 s.
503 1912 597 2000 ἅραρέ
608 1941 647 1998 με
657 1923 772 1996 integra
784 1923 1004 1981 schohastamm
1015 1921 1109 1980 verba

118 2015 306 2091 describens,
339 2013 468 2070 diversas
498 2011 706 2087 explicationes
735 2017 859 2090 copulet.
887 2047 926 2059 -
954 2015 1110 2092 Quaeritur

118 2109 256 2184 tandem,
284 2121 355 2161 num
373 2104 477 2160 Suidas
501 2107 618 2177 praeter
636 2101 746 2162 scholia
773 2107 805 2162 in
823 2106 994 2180 Sophoclem
1023 2105 1111 2162 etiam

118 2199 243 2270 Didymi
273 2212 343 2252 usus
376 2195 414 2250 sit
445 2189 603 2268 operibust
649 2195 793 2253 Memorat
828 2195 1057 2256 Grammaticum
1086 2180 1118 2254 ss

121 2287 222 2355 ἀλύειν
241 2279 301 2372 (El.
322 2280 409 2367 135),
436 2303 458 2342 s.
479 2279 603 2355 ἐξένισεν
621 2281 681 2366 (El.
701 2281 771 2367 96),
798 2285 857 2366 ubi
875 2290 976 2343 nostra
1001 2285 1111 2344 scholia

122 2381 254 2454 ejusdem
271 2394 377 2435 nomen
395 2379 500 2434 tacent
519 2409 558 2420 -
580 2377 726 2456 Attamen¹
737 2378 859 2450 Didymi
877 2377 968 2435 multo
994 2377 1110 2451 saepius

13 2543 14 2552 χ
122 2474 193 2532 iacit
212 2471 403 2546 mentionem,
417 2468 481 2524 'ubi
499 2471 645 2525 oratorum
665 2457 841 2528 Grae'oorum
860 2470 968 2546 scripta
986 2471 1111 2534 tractan-

124 2569 180 2621 tur.
219 2563 301 2630 Quae
320 2547 438 2635 quidem
457 2559 553 2616 omnia
571 2575 660 2633 quum
680 2577 717 2617 ex
735 2561 793 2617 alio
811 2558 1033 2637 lexicographo‚
1053 2576 1113 2616 non

124 2672 162 2712 ex
185 2653 259 2727 ipsis
283 2651 404 2722 Didymi
430 2649 567 2723 operibus
596 2651 746 2728 sumserit,
775 2652 808 2708 ut
836 2651 924 2708 etiam
953 2651 1113 2726 Sophoclea

121 2747 195 2802 haec
216 2757 253 2798 ex
271 2740 366 2798 alieno
384 2742 463 2798 fonte
483 2741 614 2800 hausisse
639 2759 705 2799 eum
728 2743 894 2820 arbitreriS,
920 2742 1031 2822 diserte
1045 2760 1111 2818 pcr-

123 2832 257 2893 suadent.
294 2831 358 2909 An,
384 2831 461 2905 quod
478 2831 599 2903 Didymi
623 2849 729 2892 nomen
748 2835 864 2892 scholiis
884 2837 943 2891 tam
966 2851 1033 2892 raro
1059 2852 1110 2909 ap-

123 2924 237 3000 posuit,
263 2939 329 2979 eum
353 2925 468 2997 praeter
493 2923 601 2980 schoha
625 2929 725 2982 nostra
749 2927 837 2984 etiam
864 2917 1007 3004 Τρανῳὸ.Ι
1021 2921 1113 2996 λέξεις

123 3017 202 3074 illius
231 3028 386 3092 usurpasse
414 3013 597 3072 verisimilius
627 3013 693 3074 est't
735 3017 819 3074 Unde
846 3018 930 3094 longe
958 3019 1113 3074 maximam

125 3105 299 3164 scholiorum
317 3109 429 3179 partem
442 3105 564 3178 Didymi
583 3124 647 3164 esse
667 3110 844 3182 sequeretur.
857 3140 896 3152 -
907 3107 1009 3170 Utram
1027 3125 1111 3182 prae-

124 3201 202 3280 feras
232 3197 405 3253 sententiam
433 3197 502 3255 licet
530 3197 676 3270 ambigere
705 3199 828 3276 debeas,
860 3202 988 3256 attamen
1023 3214 1110 3272 quam

125 3289 249 3361 plurima
274 3287 382 3344 schoha
407 3288 563 3345 etiamnum
587 3289 708 3362 Didymi
734 3287 915 3350 chalcenteri
941 3303 1006 3348 esse
1026 3289 1111 3370 facile

126 3378 276 3435 concedas.
296 3411 334 3422 -
853 3451 856 3458 ²

199 3471 246 3528 Ne
270 3485 339 3526 vero
365 3469 450 3542 hujus
476 3449 695 3548 disputationis,
727 3488 801 3546 quae
826 3473 942 3547 proprio
964 3471 1004 3530 de
1024 3467 1114 3543 justis'

127 3559 313 3631 'tragicorum
342 3558 517 3619 Graecorum
548 3562 755 3636 interpretibus
782 3564 859 3640 agit,
894 3565 998 3622 tinibus
1026 3561 1112 3619 nimis

129 3649 276 3730 excedam,
295 3649 494 3726 praetermitto
505 3652 633 3727 reliquos
645 3653 874 3731 lexicographos,
894 3655 954 3732 qui,
974 3655 1113 3728 quantum

129 3741 261 3812 colligere
280 3733 378 3820 potui,¹
407 3759 466 3800 non
493 3747 553 3802 tam
582 3761 619 3802 ex
644 3745 770 3819 antiquis
795 3746 1001 3821 interpretibus
1028 3759 1114 3818 quam

128 3831 225 3919 potius
254 3851 270 3890 e
298 3833 444 3908 prioribus
472 3833 684 3911 lexicographis
720 3853 772 3896 sua
801 3838 963 3898 sumserint
1003 3837 1113 3896 Omitto
